<?xml version="1.0" encoding="UTF-8"?>
<!DOCTYPE html PUBLIC "-//W3C//DTD XHTML 1.0 Transitional//EN"
    "http://www.w3.org/TR/xhtml1/DTD/xhtml1-transitional.dtd">
<html xmlns="http://www.w3.org/1999/xhtml" xml:lang="en" lang="en">
 <head>
  <title>
</title>
<meta http-equiv="Content-Type" content="text/html;charset=utf-8" />
  <meta name='ocr-system' content='tesseract 3.04.00' />
  <meta name='ocr-capabilities' content='ocr_page ocr_carea ocr_par ocr_line ocrx_word'/>
</head>
<body>
  <div class='ocr_page' id='page_1' title='image "ammianimarcellin01ammiuoft_0700.png"; bbox 0 0 1727 3144; ppageno 0'>
   <div class='ocr_carea' id='block_1_1' title="bbox 222 143 1480 207">
    <p class='ocr_par' dir='ltr' id='par_1_1' title="bbox 222 140 1480 207">
     <span class='ocr_line' id='line_1_1' title="bbox 222 143 1480 207; baseline -0.003 -14"><span class='ocrx_word' id='word_1_1' title='bbox 222 143 319 207; x_wconf 67' lang='lat'>494</span> <span class='ocrx_word' id='word_1_2' title='bbox 441 158 713 190; x_wconf 56' lang='lat' dir='ltr'>Amnum</span> <span class='ocrx_word' id='word_1_3' title='bbox 749 159 1144 192; x_wconf 49' lang='lat' dir='ltr'>intuentum</span> <span class='ocrx_word' id='word_1_4' title='bbox 1189 161 1369 206; x_wconf 47' lang='lat' dir='ltr'>xxviii,</span> <span class='ocrx_word' id='word_1_5' title='bbox 1415 149 1480 192; x_wconf 68' lang='lat' dir='ltr'>ti.</span> 
     </span>
    </p>
   </div>
   <div class='ocr_carea' id='block_1_2' title="bbox 143 268 1644 2595">
    <p class='ocr_par' dir='ltr' id='par_1_2' title="bbox 143 268 1644 2595">
     <span class='ocr_line' id='line_1_2' title="bbox 221 268 1628 335; baseline 0.001 -19"><span class='ocrx_word' id='word_1_6' title='bbox 221 269 354 317; x_wconf 87' lang='lat' dir='ltr'>cario</span> <span class='ocrx_word' id='word_1_7' title='bbox 385 268 531 317; x_wconf 84' lang='lat' dir='ltr'>iuffos</span> <span class='ocrx_word' id='word_1_8' title='bbox 565 284 611 318; x_wconf 91' lang='lat' dir='ltr'>et</span> <span class='ocrx_word' id='word_1_9' title='bbox 648 271 856 320; x_wconf 86' lang='lat' dir='ltr'>Comite.</span> <span class='ocrx_word' id='word_1_10' title='bbox 943 269 1003 318; x_wconf 83' lang='lat' dir='ltr'>.E</span> <span class='ocrx_word' id='word_1_11' title='bbox 1034 271 1216 335; x_wconf 81' lang='lat' dir='ltr'>quibus</span> <span class='ocrx_word' id='word_1_12' title='bbox 1248 271 1456 320; x_wconf 85' lang='lat' dir='ltr'>Severus</span> <span class='ocrx_word' id='word_1_13' title='bbox 1493 269 1628 317; x_wconf 88' lang='lat' dir='ltr'>illico</span> 
     </span>
     <span class='ocr_line' id='line_1_3' title="bbox 219 339 1630 403; baseline -0.001 -17"><span class='ocrx_word' id='word_1_14' title='bbox 219 339 365 403; x_wconf 85' lang='lat' dir='ltr'>periit</span> <span class='ocrx_word' id='word_1_15' title='bbox 393 353 588 387; x_wconf 76' lang='lat' dir='ltr'>vexatus</span> <span class='ocrx_word' id='word_1_16' title='bbox 621 341 884 387; x_wconf 80' lang='lat' dir='ltr'><strong>acerbitate</strong></span> <span class='ocrx_word' id='word_1_17' title='bbox 923 341 1242 389; x_wconf 79' lang='lat' dir='ltr'>morborum:</span> <span class='ocrx_word' id='word_1_18' title='bbox 1307 340 1630 388; x_wconf 80' lang='lat' dir='ltr'>nihilominus</span> 
     </span>
     <span class='ocr_line' id='line_1_4' title="bbox 218 407 1632 474; baseline 0.001 -20"><span class='ocrx_word' id='word_1_19' title='bbox 218 423 378 456; x_wconf 84' lang='lat' dir='ltr'>tamen</span> <span class='ocrx_word' id='word_1_20' title='bbox 409 424 730 474; x_wconf 85' lang='lat' dir='ltr'>properarunt</span> <span class='ocrx_word' id='word_1_21' title='bbox 758 410 821 456; x_wconf 87' lang='lat' dir='ltr'>ad</span> <span class='ocrx_word' id='word_1_22' title='bbox 850 409 1140 457; x_wconf 90' lang='lat' dir='ltr'>comitatum</span> <span class='ocrx_word' id='word_1_23' title='bbox 1161 410 1347 474; x_wconf 84' lang='lat' dir='ltr'>magnis</span> <span class='ocrx_word' id='word_1_24' title='bbox 1374 407 1632 457; x_wconf 81' lang='lat' dir='ltr'>itineribus</span> 
     </span>
     <span class='ocr_line' id='line_1_5' title="bbox 218 481 466 524; baseline 0.004 -1"><span class='ocrx_word' id='word_1_25' title='bbox 218 481 466 524; x_wconf 68' lang='lat' dir='ltr'>antedicti.</span> 
     </span>
     <span class='ocr_line' id='line_1_6' title="bbox 151 545 1631 616; baseline -0.001 -22"><span class='ocrx_word' id='word_1_26' title='bbox 151 572 203 616; x_wconf 85' lang='lat'>¹7</span> <span class='ocrx_word' id='word_1_27' title='bbox 320 545 535 611; x_wconf 75' lang='lat' dir='ltr'>Ingress&#39;o</span> <span class='ocrx_word' id='word_1_28' title='bbox 570 546 674 611; x_wconf 81' lang='lat' dir='ltr'>post</span> <span class='ocrx_word' id='word_1_29' title='bbox 693 547 811 594; x_wconf 85' lang='lat' dir='ltr'>haec</span> <span class='ocrx_word' id='word_1_30' title='bbox 840 545 1059 593; x_wconf 83' lang='lat' dir='ltr'>Palladio</span> <span class='ocrx_word' id='word_1_31' title='bbox 1087 548 1306 595; x_wconf 77' lang='lat' dir='ltr'>Africam</span> <span class='ocrx_word' id='word_1_32' title='bbox 1321 562 1345 605; x_wconf 70' lang='grc'>,’</span> <span class='ocrx_word' id='word_1_33' title='bbox 1365 548 1631 609; x_wconf 80' lang='lat' dir='ltr'>Romanus,</span> 
     </span>
     <span class='ocr_line' id='line_1_7' title="bbox 220 615 1633 694; baseline 0.001 -33"><span class='ocrx_word' id='word_1_34' title='bbox 220 634 337 678; x_wconf 88' lang='lat' dir='ltr'>quas</span> <span class='ocrx_word' id='word_1_35' title='bbox 361 621 425 663; x_wconf 87' lang='lat' dir='ltr'>ob</span> <span class='ocrx_word' id='word_1_36' title='bbox 450 633 523 663; x_wconf 89' lang='lat' dir='ltr'>res</span> <span class='ocrx_word' id='word_1_37' title='bbox 554 630 774 694; x_wconf 81' lang='lat' dir='ltr'>venerat,</span> <span class='ocrx_word' id='word_1_38' title='bbox 816 631 926 663; x_wconf 85' lang='lat' dir='ltr'>ante</span> <span class='ocrx_word' id='word_1_39' title='bbox 963 615 1003 681; x_wconf 81' lang='lat'>⁶)</span> <span class='ocrx_word' id='word_1_40' title='bbox 1040 618 1389 681; x_wconf 73' lang='lat' dir='ltr'><strong>praestructus,</strong></span> <span class='ocrx_word' id='word_1_41' title='bbox 1420 631 1474 663; x_wconf 89' lang='lat' dir='ltr'>ut</span> <span class='ocrx_word' id='word_1_42' title='bbox 1500 616 1633 663; x_wconf 75' lang='lat' dir='ltr'>secu-</span> 
     </span>
     <span class='ocr_line' id='line_1_8' title="bbox 219 683 1631 750; baseline 0.001 -20"><span class='ocrx_word' id='word_1_43' title='bbox 219 685 408 731; x_wconf 79' lang='lat' dir='ltr'>ritatem</span> <span class='ocrx_word' id='word_1_44' title='bbox 436 683 602 733; x_wconf 81' lang='lat' dir='ltr'>luam&#39;</span> <span class='ocrx_word' id='word_1_45' title='bbox 592 705 643 732; x_wconf 81' lang='lat' dir='ltr'>in</span> <span class='ocrx_word' id='word_1_46' title='bbox 663 699 770 732; x_wconf 87' lang='lat' dir='ltr'>tuto</span> <span class='ocrx_word' id='word_1_47' title='bbox 791 686 1002 746; x_wconf 82' lang='lat' dir='ltr'>locaret,</span> <span class='ocrx_word' id='word_1_48' title='bbox 1038 705 1353 733; x_wconf 83' lang='lat' dir='ltr'>numerorum</span> <span class='ocrx_word' id='word_1_49' title='bbox 1378 686 1631 750; x_wconf 77' lang='lat' dir='ltr'>piincipiis</span> 
     </span>
     <span class='ocr_line' id='line_1_9' title="bbox 218 753 1634 832; baseline 0 -32"><span class='ocrx_word' id='word_1_50' title='bbox 218 771 306 818; x_wconf 75' lang='lat' dir='ltr'>pei</span> <span class='ocrx_word' id='word_1_51' title='bbox 343 754 582 818; x_wconf 87' lang='lat' dir='ltr'>quosdam</span> <span class='ocrx_word' id='word_1_52' title='bbox 614 754 910 802; x_wconf 69' lang='lat' dir='ltr'>secretorum</span> <span class='ocrx_word' id='word_1_53' title='bbox 943 755 1256 803; x_wconf 83' lang='lat' dir='ltr'>mandaverat</span> <span class='ocrx_word' id='word_1_54' title='bbox 1287 753 1532 832; x_wconf 76' lang='lat' dir='ltr'>conscios⁸⁷</span> <span class='ocrx_word' id='word_1_55' title='bbox 1578 767 1634 800; x_wconf 87' lang='lat' dir='ltr'>ut</span> 
     </span>
     <span class='ocr_line' id='line_1_10' title="bbox 221 823 1633 888; baseline 0.001 -20"><span class='ocrx_word' id='word_1_56' title='bbox 221 824 265 869; x_wconf 86' lang='lat' dir='ltr'>ei</span> <span class='ocrx_word' id='word_1_57' title='bbox 290 837 539 886; x_wconf 82' lang='lat' dir='ltr'><strong>tamquam</strong></span> <span class='ocrx_word' id='word_1_58' title='bbox 564 824 750 888; x_wconf 86' lang='lat' dir='ltr'>potenti</span> <span class='ocrx_word' id='word_1_59' title='bbox 779 836 826 870; x_wconf 84' lang='lat' dir='ltr'>et</span> <span class='ocrx_word' id='word_1_60' title='bbox 856 823 1021 886; x_wconf 80' lang='lat' dir='ltr'>palatii</span> <span class='ocrx_word' id='word_1_61' title='bbox 1051 823 1366 869; x_wconf 80' lang='lat' dir='ltr'>summatibus</span> <span class='ocrx_word' id='word_1_62' title='bbox 1389 823 1633 887; x_wconf 84' lang='lat' dir='ltr'>proximo,</span> 
     </span>
     <span class='ocr_line' id='line_1_11' title="bbox 219 891 1636 956; baseline -0.001 -18"><span class='ocrx_word' id='word_1_63' title='bbox 219 891 475 956; x_wconf 81' lang='lat' dir='ltr'>stipendii,</span> <span class='ocrx_word' id='word_1_64' title='bbox 542 891 679 956; x_wconf 88' lang='lat' dir='ltr'>quod</span> <span class='ocrx_word' id='word_1_65' title='bbox 712 893 994 955; x_wconf 79' lang='lat' dir='ltr'>pertulerat,</span> <span class='ocrx_word' id='word_1_66' title='bbox 1038 892 1331 955; x_wconf 28' lang='lat' dir='ltr'>puwaestauent</span> <span class='ocrx_word' id='word_1_67' title='bbox 1376 893 1636 939; x_wconf 80' lang='lat' dir='ltr'><strong>maximam</strong></span> 
     </span>
     <span class='ocr_line' id='line_1_12' title="bbox 148 960 1633 1037; baseline 0 -30"><span class='ocrx_word' id='word_1_68' title='bbox 148 971 202 1015; x_wconf 81' lang='lat'>13</span> <span class='ocrx_word' id='word_1_69' title='bbox 222 974 435 1024; x_wconf 84' lang='lat' dir='ltr'>partem:</span> <span class='ocrx_word' id='word_1_70' title='bbox 467 974 515 1007; x_wconf 89' lang='lat' dir='ltr'>et</span> <span class='ocrx_word' id='word_1_71' title='bbox 533 961 601 1006; x_wconf 86' lang='lat' dir='ltr'>ita</span> <span class='ocrx_word' id='word_1_72' title='bbox 623 960 688 1005; x_wconf 82' lang='lat' dir='ltr'>est</span> <span class='ocrx_word' id='word_1_73' title='bbox 709 961 908 1005; x_wconf 85' lang='lat' dir='ltr'>factum.</span> <span class='ocrx_word' id='word_1_74' title='bbox 992 960 1357 1037; x_wconf 71' lang='lat' dir='ltr'>Confestimque</span> <span class='ocrx_word' id='word_1_75' title='bbox 1391 962 1473 1009; x_wconf 89' lang='lat' dir='ltr'>ille</span> <span class='ocrx_word' id='word_1_76' title='bbox 1497 961 1633 1007; x_wconf 86' lang='lat' dir='ltr'>dita—-</span> 
     </span>
     <span class='ocr_line' id='line_1_13' title="bbox 220 1027 1634 1094; baseline -0.001 -18"><span class='ocrx_word' id='word_1_77' title='bbox 220 1043 296 1076; x_wconf 90' lang='lat' dir='ltr'>tus</span> <span class='ocrx_word' id='word_1_78' title='bbox 318 1029 529 1093; x_wconf 83' lang='lat' dir='ltr'>perrexit</span> <span class='ocrx_word' id='word_1_79' title='bbox 546 1027 607 1073; x_wconf 86' lang='lat' dir='ltr'>ad</span> <span class='ocrx_word' id='word_1_80' title='bbox 633 1027 854 1091; x_wconf 85' lang='lat' dir='ltr'>Leptim:</span> <span class='ocrx_word' id='word_1_81' title='bbox 898 1041 1051 1092; x_wconf 86' lang='lat' dir='ltr'>utque</span> <span class='ocrx_word' id='word_1_82' title='bbox 1085 1027 1144 1075; x_wconf 83' lang='lat' dir='ltr'>ad</span> <span class='ocrx_word' id='word_1_83' title='bbox 1164 1029 1378 1076; x_wconf 83' lang='lat' dir='ltr'>veritatis</span> <span class='ocrx_word' id='word_1_84' title='bbox 1399 1030 1634 1094; x_wconf 87' lang='lat' dir='ltr'>perveni-</span> 
     </span>
     <span class='ocr_line' id='line_1_14' title="bbox 220 1095 1636 1160; baseline 0 -16"><span class='ocrx_word' id='word_1_85' title='bbox 220 1112 294 1144; x_wconf 86' lang='lat' dir='ltr'>ret</span> <span class='ocrx_word' id='word_1_86' title='bbox 314 1096 621 1160; x_wconf 76' lang='lat' dir='ltr'>indaginem,</span> <span class='ocrx_word' id='word_1_87' title='bbox 658 1095 981 1143; x_wconf 82' lang='lat' dir='ltr'>Erechthium</span> <span class='ocrx_word' id='word_1_88' title='bbox 1003 1110 1050 1143; x_wconf 88' lang='lat' dir='ltr'>et</span> <span class='ocrx_word' id='word_1_89' title='bbox 1075 1097 1433 1145; x_wconf 77' lang='lat' dir='ltr'>Aristomenem</span> <span class='ocrx_word' id='word_1_90' title='bbox 1455 1099 1636 1145; x_wconf 81' lang='lat' dir='ltr'>facun-</span> 
     </span>
     <span class='ocr_line' id='line_1_15' title="bbox 222 1164 1635 1232; baseline 0.001 -19"><span class='ocrx_word' id='word_1_91' title='bbox 222 1166 312 1213; x_wconf 90' lang='lat' dir='ltr'>dos</span> <span class='ocrx_word' id='word_1_92' title='bbox 332 1165 606 1230; x_wconf 79' lang='lat' dir='ltr'>municipes</span> <span class='ocrx_word' id='word_1_93' title='bbox 631 1179 678 1212; x_wconf 91' lang='lat' dir='ltr'>et</span> <span class='ocrx_word' id='word_1_94' title='bbox 708 1164 915 1230; x_wconf 70' lang='lat' dir='ltr'>insignes</span> <span class='ocrx_word' id='word_1_95' title='bbox 933 1203 946 1226; x_wconf 89' lang='lat'>‚</span> <span class='ocrx_word' id='word_1_96' title='bbox 983 1165 1138 1214; x_wconf 85' lang='lat' dir='ltr'>libere</span> <span class='ocrx_word' id='word_1_97' title='bbox 1157 1166 1263 1214; x_wconf 83' lang='lat' dir='ltr'>suas</span> <span class='ocrx_word' id='word_1_98' title='bbox 1285 1167 1564 1232; x_wconf 81' lang='lat' dir='ltr'>civiumque</span> <span class='ocrx_word' id='word_1_99' title='bbox 1586 1181 1635 1215; x_wconf 85' lang='lat' dir='ltr'>et</span> 
     </span>
     <span class='ocr_line' id='line_1_16' title="bbox 220 1235 1632 1297; baseline 0.001 -15"><span class='ocrx_word' id='word_1_100' title='bbox 220 1236 545 1283; x_wconf 88' lang='lat' dir='ltr'>finitimorum</span> <span class='ocrx_word' id='word_1_101' title='bbox 585 1249 855 1282; x_wconf 82' lang='lat' dir='ltr'>retexentes</span> <span class='ocrx_word' id='word_1_102' title='bbox 896 1253 1176 1297; x_wconf 85' lang='lat' dir='ltr'>aerumnas,</span> <span class='ocrx_word' id='word_1_103' title='bbox 1228 1235 1292 1284; x_wconf 81' lang='lat' dir='ltr'>ad.</span> <span class='ocrx_word' id='word_1_104' title='bbox 1319 1237 1427 1283; x_wconf 79' lang='lat' dir='ltr'>loca</span> <span class='ocrx_word' id='word_1_105' title='bbox 1457 1237 1632 1284; x_wconf 83' lang='lat' dir='ltr'>vastata</span> 
     </span>
     <span class='ocr_line' id='line_1_17' title="bbox 144 1304 1634 1369; baseline 0 -17"><span class='ocrx_word' id='word_1_106' title='bbox 144 1317 202 1361; x_wconf 59' lang='lat'>³9</span> <span class='ocrx_word' id='word_1_107' title='bbox 221 1304 385 1352; x_wconf 83' lang='lat' dir='ltr'>secum</span> <span class='ocrx_word' id='word_1_108' title='bbox 412 1304 594 1351; x_wconf 84' lang='lat' dir='ltr'>eduxit.</span> <span class='ocrx_word' id='word_1_109' title='bbox 689 1304 883 1361; x_wconf 85' lang='lat' dir='ltr'>Quibus</span> <span class='ocrx_word' id='word_1_110' title='bbox 912 1318 1076 1369; x_wconf 88' lang='lat' dir='ltr'>aperte</span> <span class='ocrx_word' id='word_1_111' title='bbox 1111 1319 1286 1352; x_wconf 84' lang='lat' dir='ltr'>cuneta</span> <span class='ocrx_word' id='word_1_112' title='bbox 1317 1305 1634 1353; x_wconf 87' lang='lat' dir='ltr'>monstranti-</span> 
     </span>
     <span class='ocr_line' id='line_1_18' title="bbox 219 1372 1633 1438; baseline 0 -17"><span class='ocrx_word' id='word_1_113' title='bbox 219 1374 338 1435; x_wconf 81' lang='lat' dir='ltr'>bus,</span> <span class='ocrx_word' id='word_1_114' title='bbox 384 1372 616 1421; x_wconf 85' lang='lat' dir='ltr'>luctuofis</span> <span class='ocrx_word' id='word_1_115' title='bbox 658 1373 942 1438; x_wconf 88' lang='lat' dir='ltr'>provinciae</span> <span class='ocrx_word' id='word_1_116' title='bbox 983 1374 1230 1422; x_wconf 83' lang='lat' dir='ltr'>cineribus</span> <span class='ocrx_word' id='word_1_117' title='bbox 1262 1374 1370 1422; x_wconf 88' lang='lat' dir='ltr'>vifis</span> <span class='ocrx_word' id='word_1_118' title='bbox 1407 1376 1633 1435; x_wconf 60' lang='lat' dir='ltr'>rexgertit:</span> 
     </span>
     <span class='ocr_line' id='line_1_19' title="bbox 218 1441 1636 1509; baseline 0.001 -19"><span class='ocrx_word' id='word_1_119' title='bbox 218 1444 595 1508; x_wconf 87' lang='lat' dir='ltr'>Romanumque</span> <span class='ocrx_word' id='word_1_120' title='bbox 624 1457 678 1490; x_wconf 92' lang='lat' dir='ltr'>ut</span> <span class='ocrx_word' id='word_1_121' title='bbox 710 1441 924 1491; x_wconf 84' lang='lat' dir='ltr'>defidem</span> <span class='ocrx_word' id='word_1_122' title='bbox 954 1443 1237 1509; x_wconf 78' lang='lat' dir='ltr'>increpans,</span> <span class='ocrx_word' id='word_1_123' title='bbox 1280 1445 1546 1492; x_wconf 83' lang='lat' dir='ltr'>relaturum</span> <span class='ocrx_word' id='word_1_124' title='bbox 1586 1442 1636 1491; x_wconf 79' lang='lat' dir='ltr'>se</span> 
     </span>
     <span class='ocr_line' id='line_1_20' title="bbox 219 1512 1635 1577; baseline 0 -18"><span class='ocrx_word' id='word_1_125' title='bbox 219 1528 393 1561; x_wconf 84' lang='lat' dir='ltr'>cuncta</span> <span class='ocrx_word' id='word_1_126' title='bbox 415 1513 676 1573; x_wconf 82' lang='lat' dir='ltr'>verillime‚</span> <span class='ocrx_word' id='word_1_127' title='bbox 707 1530 831 1577; x_wconf 86' lang='lat' dir='ltr'>quae</span> <span class='ocrx_word' id='word_1_128' title='bbox 855 1512 1069 1573; x_wconf 80' lang='lat' dir='ltr'>viderat,</span> <span class='ocrx_word' id='word_1_129' title='bbox 1101 1514 1376 1560; x_wconf 83' lang='lat' dir='ltr'>minabatur</span> <span class='ocrx_word' id='word_1_130' title='bbox 1397 1512 1461 1560; x_wconf 82' lang='lat' dir='ltr'>ad</span> <span class='ocrx_word' id='word_1_131' title='bbox 1482 1512 1635 1560; x_wconf 82' lang='lat' dir='ltr'>Prin-</span> 
     </span>
     <span class='ocr_line' id='line_1_21' title="bbox 220 1580 1636 1647; baseline -0.001 -18"><span class='ocrx_word' id='word_1_132' title='bbox 220 1584 400 1646; x_wconf 84' lang='lat' dir='ltr'>cipem.</span> <span class='ocrx_word' id='word_1_133' title='bbox 473 1583 640 1646; x_wconf 89' lang='lat' dir='ltr'>Atque</span> <span class='ocrx_word' id='word_1_134' title='bbox 670 1582 751 1628; x_wconf 90' lang='lat' dir='ltr'>ille</span> <span class='ocrx_word' id='word_1_135' title='bbox 777 1581 847 1628; x_wconf 87' lang='lat' dir='ltr'>ira</span> <span class='ocrx_word' id='word_1_136' title='bbox 879 1582 1091 1647; x_wconf 84' lang='lat' dir='ltr'>percitus</span> <span class='ocrx_word' id='word_1_137' title='bbox 1120 1596 1168 1629; x_wconf 90' lang='lat' dir='ltr'>et</span> <span class='ocrx_word' id='word_1_138' title='bbox 1194 1581 1396 1642; x_wconf 87' lang='lat' dir='ltr'>dolore,</span> <span class='ocrx_word' id='word_1_139' title='bbox 1429 1580 1478 1647; x_wconf 75' lang='lat' dir='ltr'>se</span> <span class='ocrx_word' id='word_1_140' title='bbox 1501 1599 1636 1646; x_wconf 83' lang='lat' dir='ltr'>quo-</span> 
     </span>
     <span class='ocr_line' id='line_1_22' title="bbox 223 1650 1644 1715; baseline 0.001 -18"><span class='ocrx_word' id='word_1_141' title='bbox 223 1670 318 1715; x_wconf 86' lang='lat' dir='ltr'>que</span> <span class='ocrx_word' id='word_1_142' title='bbox 346 1669 459 1698; x_wconf 88' lang='lat' dir='ltr'>mox</span> <span class='ocrx_word' id='word_1_143' title='bbox 490 1653 670 1699; x_wconf 86' lang='lat' dir='ltr'>referre</span> <span class='ocrx_word' id='word_1_144' title='bbox 697 1652 935 1713; x_wconf 84' lang='lat' dir='ltr'>firmavit,</span> <span class='ocrx_word' id='word_1_145' title='bbox 971 1650 1109 1715; x_wconf 87' lang='lat' dir='ltr'>quod</span> <span class='ocrx_word' id='word_1_146' title='bbox 1139 1651 1301 1698; x_wconf 79' lang='lat' dir='ltr'>miffus</span> <span class='ocrx_word' id='word_1_147' title='bbox 1331 1666 1386 1698; x_wconf 90' lang='lat' dir='ltr'>ut</span> <span class='ocrx_word' id='word_1_148' title='bbox 1416 1651 1644 1698; x_wconf 77' lang='lat' dir='ltr'>notarius·</span> 
     </span>
     <span class='ocr_line' id='line_1_23' title="bbox 222 1719 1635 1785; baseline 0.001 -20"><span class='ocrx_word' id='word_1_149' title='bbox 222 1721 562 1785; x_wconf 83' lang='lat' dir='ltr'>incorruptus,</span> <span class='ocrx_word' id='word_1_150' title='bbox 617 1719 905 1767; x_wconf 84' lang='lat' dir='ltr'>donativum</span> <span class='ocrx_word' id='word_1_151' title='bbox 949 1721 1118 1767; x_wconf 86' lang='lat' dir='ltr'>militis</span> <span class='ocrx_word' id='word_1_152' title='bbox 1150 1738 1294 1768; x_wconf 88' lang='lat' dir='ltr'>omne</span> <span class='ocrx_word' id='word_1_153' title='bbox 1322 1719 1374 1766; x_wconf 89' lang='lat' dir='ltr'>in</span> <span class='ocrx_word' id='word_1_154' title='bbox 1413 1719 1635 1784; x_wconf 83' lang='lat' dir='ltr'>quaestus</span> 
     </span>
     <span class='ocr_line' id='line_1_24' title="bbox 143 1788 1637 1853; baseline 0 -19"><span class='ocrx_word' id='word_1_155' title='bbox 143 1802 204 1834; x_wconf 79' lang='lat'>20</span> <span class='ocrx_word' id='word_1_156' title='bbox 224 1790 450 1836; x_wconf 86' lang='lat' dir='ltr'>averterit</span> <span class='ocrx_word' id='word_1_157' title='bbox 483 1790 726 1853; x_wconf 83' lang='lat' dir='ltr'>proprios.</span> <span class='ocrx_word' id='word_1_158' title='bbox 809 1790 918 1846; x_wconf 87' lang='lat' dir='ltr'>Qua</span> <span class='ocrx_word' id='word_1_159' title='bbox 949 1791 1099 1853; x_wconf 81' lang='lat' dir='ltr'>gratia</span> <span class='ocrx_word' id='word_1_160' title='bbox 1125 1789 1425 1853; x_wconf 82' lang='lat' dir='ltr'>flagitiorum</span> <span class='ocrx_word' id='word_1_161' title='bbox 1455 1788 1637 1835; x_wconf 82' lang='lat' dir='ltr'>arbitra</span> 
     </span>
     <span class='ocr_line' id='line_1_25' title="bbox 222 1856 1631 1917; baseline -0.001 -13"><span class='ocrx_word' id='word_1_162' title='bbox 222 1856 535 1917; x_wconf 79' lang='lat' dir='ltr'>conscientia,</span> <span class='ocrx_word' id='word_1_163' title='bbox 564 1877 676 1904; x_wconf 85' lang='lat' dir='ltr'>cum</span> <span class='ocrx_word' id='word_1_164' title='bbox 698 1859 919 1907; x_wconf 80' lang='lat' dir='ltr'>Romano</span> <span class='ocrx_word' id='word_1_165' title='bbox 943 1857 1121 1907; x_wconf 88' lang='lat' dir='ltr'>deinde</span> <span class='ocrx_word' id='word_1_166' title='bbox 1144 1857 1390 1905; x_wconf 88' lang='lat' dir='ltr'>Palladius</span> <span class='ocrx_word' id='word_1_167' title='bbox 1413 1875 1631 1905; x_wconf 81' lang='lat' dir='ltr'>concor-</span> 
     </span>
     <span class='ocr_line' id='line_1_26' title="bbox 222 1925 1634 1989; baseline -0.001 -17"><span class='ocrx_word' id='word_1_168' title='bbox 222 1925 395 1972; x_wconf 87' lang='lat' dir='ltr'>dabat:</span> <span class='ocrx_word' id='word_1_169' title='bbox 434 1926 746 1988; x_wconf 77' lang='lat' dir='ltr'>reversusque</span> <span class='ocrx_word' id='word_1_170' title='bbox 777 1928 839 1974; x_wconf 83' lang='lat' dir='ltr'>ad</span> <span class='ocrx_word' id='word_1_171' title='bbox 866 1929 1179 1989; x_wconf 85' lang='lat' dir='ltr'>comitatum,</span> <span class='ocrx_word' id='word_1_172' title='bbox 1217 1942 1317 1974; x_wconf 86' lang='lat' dir='ltr'>arte</span> <span class='ocrx_word' id='word_1_173' title='bbox 1355 1925 1634 1974; x_wconf 86' lang='lat' dir='ltr'>mendacio-</span> 
     </span>
     <span class='ocr_line' id='line_1_27' title="bbox 220 1994 1633 2058; baseline -0.001 -17"><span class='ocrx_word' id='word_1_174' title='bbox 220 2009 331 2041; x_wconf 83' lang='lat' dir='ltr'>rum</span> <span class='ocrx_word' id='word_1_175' title='bbox 360 1994 512 2058; x_wconf 86' lang='lat' dir='ltr'>impia</span> <span class='ocrx_word' id='word_1_176' title='bbox 549 1994 949 2042; x_wconf 81' lang='lat' dir='ltr'>Valentinianum</span> <span class='ocrx_word' id='word_1_177' title='bbox 990 1997 1250 2055; x_wconf 83' lang='lat' dir='ltr'>fefellerat,</span> <span class='ocrx_word' id='word_1_178' title='bbox 1297 1994 1633 2058; x_wconf 79' lang='lat' dir='ltr'>Tripolitanos</span> 
     </span>
     <span class='ocr_line' id='line_1_28' title="bbox 218 2061 1636 2127; baseline -0.001 -16"><span class='ocrx_word' id='word_1_179' title='bbox 218 2063 390 2111; x_wconf 82' lang='lat' dir='ltr'>frustra</span> <span class='ocrx_word' id='word_1_180' title='bbox 434 2062 572 2127; x_wconf 90' lang='lat' dir='ltr'>queri</span> <span class='ocrx_word' id='word_1_181' title='bbox 615 2080 1018 2110; x_wconf 87' lang='lat' dir='ltr'>commemorans.</span> <span class='ocrx_word' id='word_1_182' title='bbox 1113 2064 1334 2126; x_wconf 85' lang='lat' dir='ltr'>Ideoque</span> <span class='ocrx_word' id='word_1_183' title='bbox 1377 2061 1537 2110; x_wconf 80' lang='lat' dir='ltr'>rursus</span> <span class='ocrx_word' id='word_1_184' title='bbox 1571 2062 1636 2110; x_wconf 86' lang='lat' dir='ltr'>ad</span> 
     </span>
     <span class='ocr_line' id='line_1_29' title="bbox 220 2131 1634 2196; baseline -0.003 -15"><span class='ocrx_word' id='word_1_185' title='bbox 220 2132 444 2181; x_wconf 85' lang='lat' dir='ltr'>Africam</span> <span class='ocrx_word' id='word_1_186' title='bbox 474 2148 585 2177; x_wconf 89' lang='lat' dir='ltr'>cum</span> <span class='ocrx_word' id='word_1_187' title='bbox 619 2131 793 2179; x_wconf 88' lang='lat' dir='ltr'>Iovino</span> <span class='ocrx_word' id='word_1_188' title='bbox 828 2133 1071 2196; x_wconf 78' lang='lat' dir='ltr'>postremo</span> <span class='ocrx_word' id='word_1_189' title='bbox 1101 2133 1321 2180; x_wconf 87' lang='lat' dir='ltr'>omnium</span> <span class='ocrx_word' id='word_1_190' title='bbox 1361 2132 1634 2195; x_wconf 80' lang='lat' dir='ltr'>legatorum</span> 
     </span>
     <span class='ocr_line' id='line_1_30' title="bbox 222 2199 1633 2266; baseline -0.001 -17"><span class='ocrx_word' id='word_1_191' title='bbox 222 2202 487 2253; x_wconf 87' lang='lat' dir='ltr'>remittitur</span> <span class='ocrx_word' id='word_1_192' title='bbox 511 2200 818 2266; x_wconf 77' lang='lat' dir='ltr'>(Pancratius</span> <span class='ocrx_word' id='word_1_193' title='bbox 841 2202 970 2249; x_wconf 86' lang='lat' dir='ltr'>enim</span> <span class='ocrx_word' id='word_1_194' title='bbox 991 2199 1253 2249; x_wconf 72' lang='lat' dir='ltr'>decess&#39;erat</span> <span class='ocrx_word' id='word_1_195' title='bbox 1276 2200 1407 2265; x_wconf 85' lang='lat' dir='ltr'>apud</span> <span class='ocrx_word' id='word_1_196' title='bbox 1435 2200 1633 2248; x_wconf 81' lang='lat' dir='ltr'>Treve-</span> 
     </span>
     <span class='ocr_line' id='line_1_31' title="bbox 222 2269 1630 2337; baseline -0.001 -19"><span class='ocrx_word' id='word_1_197' title='bbox 222 2273 333 2337; x_wconf 89' lang='lat' dir='ltr'>ros)</span> <span class='ocrx_word' id='word_1_198' title='bbox 363 2285 417 2317; x_wconf 90' lang='lat' dir='ltr'>ut</span> <span class='ocrx_word' id='word_1_199' title='bbox 448 2288 561 2316; x_wconf 90' lang='lat' dir='ltr'>cum</span> <span class='ocrx_word' id='word_1_200' title='bbox 595 2269 793 2317; x_wconf 87' lang='lat' dir='ltr'>Vicario</span> <span class='ocrx_word' id='word_1_201' title='bbox 824 2270 923 2335; x_wconf 81' lang='lat' dir='ltr'>ipse</span> <span class='ocrx_word' id='word_1_202' title='bbox 956 2272 1126 2318; x_wconf 87' lang='lat' dir='ltr'>merita</span> <span class='ocrx_word' id='word_1_203' title='bbox 1150 2269 1407 2336; x_wconf 83' lang='lat' dir='ltr'>legationis</span> <span class='ocrx_word' id='word_1_204' title='bbox 1430 2286 1630 2334; x_wconf 86' lang='lat' dir='ltr'>quoque</span> 
     </span>
     <span class='ocr_line' id='line_1_32' title="bbox 220 2337 1631 2403; baseline -0.001 -15"><span class='ocrx_word' id='word_1_205' title='bbox 220 2339 462 2388; x_wconf 83' lang='lat' dir='ltr'>secundae</span> <span class='ocrx_word' id='word_1_206' title='bbox 492 2338 751 2403; x_wconf 83' lang='lat' dir='ltr'>spectaret:</span> <span class='ocrx_word' id='word_1_207' title='bbox 791 2354 983 2403; x_wconf 85' lang='lat' dir='ltr'>praeter</span> <span class='ocrx_word' id='word_1_208' title='bbox 1015 2342 1133 2388; x_wconf 84' lang='lat' dir='ltr'>haec</span> <span class='ocrx_word' id='word_1_209' title='bbox 1164 2340 1351 2403; x_wconf 83' lang='lat' dir='ltr'>linguas</span> <span class='ocrx_word' id='word_1_210' title='bbox 1374 2337 1631 2386; x_wconf 85' lang='lat' dir='ltr'>Erechthii</span> 
     </span>
     <span class='ocr_line' id='line_1_33' title="bbox 223 2408 1630 2473; baseline -0.004 -15"><span class='ocrx_word' id='word_1_211' title='bbox 223 2423 272 2458; x_wconf 89' lang='lat' dir='ltr'>et</span> <span class='ocrx_word' id='word_1_212' title='bbox 311 2408 629 2456; x_wconf 81' lang='lat' dir='ltr'>Aristomenis</span> <span class='ocrx_word' id='word_1_213' title='bbox 673 2409 888 2471; x_wconf 85' lang='lat' dir='ltr'>praecidi</span> <span class='ocrx_word' id='word_1_214' title='bbox 918 2409 1110 2456; x_wconf 85' lang='lat' dir='ltr'>iufferat</span> <span class='ocrx_word' id='word_1_215' title='bbox 1148 2410 1448 2473; x_wconf 82' lang='lat' dir='ltr'>Imperator,</span> <span class='ocrx_word' id='word_1_216' title='bbox 1505 2423 1630 2470; x_wconf 91' lang='lat' dir='ltr'>quos</span> 
     </span>
     <span class='ocr_line' id='line_1_34' title="bbox 220 2473 1628 2544; baseline -0.003 -19"><span class='ocrx_word' id='word_1_217' title='bbox 220 2477 463 2526; x_wconf 80' lang='lat' dir='ltr'>invidiosa</span> <span class='ocrx_word' id='word_1_218' title='bbox 509 2476 750 2543; x_wconf 84' lang='lat' dir='ltr'>quaedam</span> <span class='ocrx_word' id='word_1_219' title='bbox 787 2479 1019 2544; x_wconf 87' lang='lat' dir='ltr'>loquutos</span> <span class='ocrx_word' id='word_1_220' title='bbox 1057 2478 1191 2528; x_wconf 83' lang='lat' dir='ltr'>idem</span> <span class='ocrx_word' id='word_1_221' title='bbox 1231 2475 1472 2525; x_wconf 84' lang='lat' dir='ltr'>Palladius</span> <span class='ocrx_word' id='word_1_222' title='bbox 1503 2473 1628 2522; x_wconf 85' lang='lat' dir='ltr'>inti-</span> 
     </span>
     <span class='ocr_line' id='line_1_35' title="bbox 221 2561 391 2595; baseline 0 -2"><span class='ocrx_word' id='word_1_223' title='bbox 221 2561 391 2595; x_wconf 86' lang='lat' dir='ltr'>marat.</span> 
     </span>
    </p>
   </div>
   <div class='ocr_carea' id='block_1_3' title="bbox 265 2780 707 2837">
    <p class='ocr_par' dir='ltr' id='par_1_3' title="bbox 265 2780 707 2837">
     <span class='ocr_line' id='line_1_36' title="bbox 265 2780 707 2837; baseline -0.014 -11"><span class='ocrx_word' id='word_1_224' title='bbox 265 2780 309 2837; x_wconf 66' lang='lat' dir='ltr'>G)</span> <span class='ocrx_word' id='word_1_225' title='bbox 337 2792 388 2824; x_wconf 79' lang='lat' dir='ltr'>al.</span> <span class='ocrx_word' id='word_1_226' title='bbox 416 2787 707 2836; x_wconf 75' lang='lat' dir='ltr'>praestructnrus.</span> 
     </span>
    </p>
   </div>
  </div>
 </body>
</html>
