1727 3144
229 168 662 206 vzmnxrvir„
706 168 779 198 ΕΤ
818 166 1112 198 GnATxAN.
1188 155 1302 214 570.
1410 155 1506 214 495

94 278 187 325 bus
206 277 416 324 multisz.
453 278 579 325 inter
623 294 745 342 qnos
779 275 1079 324 Rusticianus
1117 275 1426 324 sacerdotalis
1455 291 1503 325 et

93 346 312 395 Nicasius
334 346 548 394 enitebat
566 346 753 394 aedilis.
827 345 965 393 Haec
983 359 1145 392 autem
1168 346 1360 407 eruptio
1384 347 1497 393 ideo
1520 369 1538 396 1
1553 370 1568 395 1

92 417 246 463 arceri
276 430 377 464 non
409 415 568 481 potnit
582 453 594 476 ,
639 414 777 480 quod
798 413 859 462 ad
879 415 1150 479 legatorum
1166 431 1333 477 preces
1354 432 1498 477 nego-

90 485 275 531 tiorum
314 503 512 550 quoque
542 484 823 531 militarium
849 501 962 531 cura
990 482 1196 549 praefidi
1228 483 1382 530 delata
1406 482 1498 528 Ru.

90 552 240 614 ricio,
279 572 392 602 mox
423 555 649 600 translata
677 553 743 600 est
771 552 835 599 ad
866 553 1158 600 Romanum.
1228 551 1290 598 Et
1308 551 1405 599 iam
1429 569 1499 596 re-
1522 569 1573 597 12

90 638 204 668 cens
228 623 440 670 inflictae
462 622 615 669 cladis
637 621 834 669 nuntius
861 621 1026 673 missus
1044 621 1107 668 ad
1130 621 1339 680 Gallias,
1376 619 1502 666 exci-

90 691 210 738 tavit
231 692 387 738 acrius
411 691 705 755 Principem.
791 689 1013 753 Ideoque
1044 690 1268 736 tribunus
1291 703 1338 735 et
1366 702 1501 734 nota-

88 759 189 806 rius
225 760 469 807 Palladius
501 760 734 818 mittitur,
782 771 838 803 ut
877 771 925 804 et
967 757 1112 803 militi
1155 756 1368 821 disperso
1415 774 1500 820 per

88 827 312 874 Africam
354 828 610 891 praeberet
647 826 943 891 stipendium
993 826 1244 888 debiturn,
1294 839 1341 874 et
1374 824 1499 890 gesta

85 913 176 960 per
200 896 446 961 Tripolim
465 894 564 943 fide
587 913 800 960 congrua
820 894 1128 944 scrutaretur.

191 966 327 1014 Inter
348 966 465 1012 tales
487 978 650 1012 tamen
673 964 960 1014 consulendi
984 983 1143 1012 moras
1174 962 1499 1028 exspectandi·
1524 973 1576 1016 ιδ

89 1049 186 1097 que
215 1033 470 1101 responsa,
511 1034 790 1083 Austuriani
820 1034 1032 1082 succell'u
1072 1035 1266 1097 gemino
1294 1032 1502 1080 insolen-

85 1114 158 1151 tes
170 1140 187 1162 ,
221 1118 276 1151 ut
303 1121 501 1167 rapaces
523 1105 658 1151 alites
680 1104 969 1154 advolarunt
989 1103 1293 1151 irritamento
1314 1101 1499 1163 sangui-

89 1174 166 1222 nis
205 1175 419 1221 atrocius
461 1175 706 1221 efferatae:
761 1173 1073 1237 cunctisque,
1114 1171 1201 1218 nili
1235 1188 1356 1235 quos
1387 1172 1501 1232 fuga

89 1242 456 1289 discriminibus
478 1243 722 1304 eximeret,
753 1243 1082 1306 interemptiS,
1117 1240 1345 1304 praedas,
1382 1255 1501 1302 quas

89 1311 294 1358 antehac
318 1311 630 1375 reliquerant,
654 1326 933 1369 avexerunt,
955 1311 1211 1358 arboribus
1233 1307 1430 1355 exsectis
1453 1321 1500 1353 et

90 1380 288 1428 vitibus.
376 1380 519 1428 Tunc
550 1381 767 1445 Mychon
797 1381 998 1447 quidam
1025 1379 1207 1428 nobilis
1227 1376 1504 1441 oppidanus
1522 1374 1577 1429 14

96 1463 145 1497 et
169 1463 370 1514 potens,
411 1464 579 1513 captus
601 1451 653 1496 in
683 1451 987 1509 suburbano,
1038 1447 1324 1513 lapsusque,
1378 1459 1508 1492 ante-

91 1536 240 1582 quam
260 1518 552 1579 vinciretur,
589 1520 702 1584 quia
735 1520 942 1584 pedibus
973 1535 1113 1581 aeger
1142 1514 1342 1563 evadere
1372 1514 1505 1578 peni-

91 1601 168 1635 tus
188 1588 440 1635 vetabatur
457 1625 470 1648 ,
510 1589 562 1635 in
597 1603 798 1652 puteum
828 1589 964 1652 aquis
995 1603 1200 1634 vacuum
1223 1567 1320 1631 [effe
1343 1583 1505 1630 conie-

90 1657 176 1705 cit:
207 1656 339 1705 unde
373 1657 503 1705 costa
536 1656 753 1705 diffracta
784 1659 966 1705 levatus
987 1675 1012 1703 a
1033 1654 1275 1713 barbaris,
1307 1652 1501 1698 ductus-

88 1744 186 1791 que
207 1743 362 1792 prope
384 1740 574 1791 portas,
616 1727 839 1791 coniugis
869 1725 1177 1773 miseratione
1216 1721 1498 1784 redemptus

88 1794 178 1855 est,
221 1809 269 1842 et
296 1795 357 1843 ad
387 1795 558 1859 pinnas
590 1796 720 1842 muri
746 1797 862 1843 sune
889 1793 1129 1852 sublatus,
1164 1791 1269 1856 post
1289 1789 1496 1836 biduum

85 1863 288 1911 interiit.
358 1863 504 1912 Unde
533 1865 646 1912 elati
671 1865 721 1911 in
743 1864 1059 1929 pertinaciam
1098 1858 1350 1908 l'aevissimi
1379 1855 1502 1920 gras·
1523 1865 1574 1909 15

86 1930 268 1980 satores
306 1932 408 1996 ipsa
448 1932 697 1997 pulsavere
737 1933 930 1981 moenia
960 1930 1244 1995 Leptitana,
1301 1926 1499 1972 funestis

87 2002 403 2066 plangoribus
427 2002 696 2049 resonantia
722 2002 1014 2048 feminarum
1031 2037 1043 2059 ,
1077 2015 1206 2062 quas
1231 2013 1500 2058 numquam

88 2084 228 2116 antea
259 2070 498 2119 hostiliter
528 2069 706 2118 clausas
735 2088 886 2134 pavor
915 2069 1218 2116 exanimabat
1245 2063 1496 2110 insolitus:

90 2137 370 2203 obsessaque
399 2140 521 2187 urbe
546 2157 635 2204 per
668 2154 780 2186 octo
806 2139 1065 2186 continuos
1098 2136 1227 2194 dies,
1259 2150 1371 2178 cuni
1393 2131 1499 2193 qui-

93 2206 206 2254 dam
238 2222 599 2272 oppugnatores
631 2207 728 2254 fine
765 2209 867 2255 ullo
899 2208 1262 2255 vulnerarentur
1304 2199 1494 2259 effectu,

89 2275 340 2323 redierunt
364 2275 426 2323 ad
450 2276 648 2340 propria
669 2277 915 2324 tristiores.

193 2345 276 2392 Ob
307 2363 428 2410 quac
458 2344 600 2408 super
641 2343 789 2393 salute
829 2345 969 2392 dubii
1013 2342 1165 2398 cives,
1224 2337 1495 2401 ultimaque
1519 2341 1572 2385 :G

89 2427 354 2475 tentantes,
395 2414 626 2478 profectis
664 2427 772 2462 ante
813 2413 980 2478 legatis
1015 2409 1235 2456 nondum
1280 2405 1493 2465 revertis,

88 2483 317 2530 Iovinum
347 2484 545 2530 mittunt
578 2497 721 2547 atque
746 2481 1078 2537 Pancratiurn,
1123 2494 1245 2540 quum
1268 2474 1495 2533 viderint,

92 2569 215 2614 quae
248 2550 338 2616 ipfi
366 2551 570 2616 perpelli
598 2551 713 2611 Ποῖ,
754 2552 1105 2615 Imperatorem
1140 2544 1238 2592 fida
1261 2543 1496 2590 relatione

92 2620 342 2668 docturos:
388 2622 473 2685 qui
502 2621 737 2668 Severum
778 2620 907 2684 apud
949 2615 1291 2679 Carthaginem
1332 2612 1497 2659 inven-

92 2701 194 2735 tum
216 2703 263 2736 et
296 2690 603 2737 Flaccianum
633 2687 903 2754 superiores
921 2688 1029 2733 illos
1052 2685 1261 2747 legatos,
1294 2699 1496 2745 percun-

90 2757 295 2820 ctando,
323 2758 444 2824 quid
473 2759 684 2822 egerint,
713 2769 1045 2821 cognoverunt
1073 2770 1153 2800 eos
1181 2750 1336 2798 audiri
1360 2749 1495 2810 aJVi-
