1727 3144
229 138 326 180 (3:20
746 155 774 184 a
805 155 837 184 :z
874 156 896 183 t)
933 165 961 184 e
993 154 1025 183 R
1058 154 1082 183 Ρ
1115 155 1145 184 Τ
1177 156 1208 185 A

152 266 208 310 55
229 278 334 306 rum
356 259 401 308 se
422 261 512 309 effe
539 260 599 308 de
624 261 867 326 sanguine.
939 265 1281 326 Sicssingreffus
1311 264 1374 312 est
1406 262 1636 312 The0de⁴

226 331 380 376 ricus:
418 332 578 396 etpost
595 332 782 395 aliquot
802 332 921 393 dieS,
955 335 1072 381 dum
1088 336 1131 382 ei
1155 333 1420 381 Odoachar
1443 332 1635 379 infidia-

223 413 380 460 retur‚
429 399 647 448 detectus
679 416 819 449 caute
843 403 902 448 ab
941 421 999 451 eo
1034 417 1322 469 praeventus
1354 403 1405 449 in
1436 403 1633 467 palatio,

222 486 372 515 manu
399 468 480 515 sua
515 469 856 517 Theodericus
897 489 1007 519 eum
1041 473 1093 519 in
1133 472 1399 520 Lauretum
1439 489 1635 535 praeve-

149 546 205 590 56
225 537 386 585 niente
411 538 574 601 gladio
595 540 855 586 interemit.
930 542 1080 589 Cuius
1113 543 1348 590 exercitus
1377 541 1430 587 in
1460 539 1655 588 eadem*

223 606 302 652 die
325 607 448 654 iuffu
468 607 770 656 Theoderici
792 627 961 657 omnes
981 612 1225 659 interfecti
1243 610 1376 671 sunt,
1413 610 1521 674 quis
1544 609 1633 656 ubi

221 677 384 736 potuit
425 678 636 741 reperire
675 697 788 724 cum
821 680 955 727 omni
1000 680 1144 745 stirpe
1187 679 1293 728 sua:
1345 694 1391 727 et
1427 678 1635 726 moritur

222 745 644 811 Constantinopoli
674 748 814 796 Zeno
843 748 1136 813 imperator,
1187 764 1234 798 et
1264 750 1420 797 factus
1451 747 1517 796 est
1545 747 1636 793 im-

220 828 417 876 perator
444 815 733 862 Anastasius.

144 885 202 942 57
315 882 656 930 Theodericus
679 883 835 942 enim,
873 882 958 946 qui
985 881 1034 928 iu
1067 883 1363 945 legationem
1394 882 1636 930 direxerat

217 952 444 1000 Faustum
482 950 690 1015 Nigrum
737 949 798 996 ad
844 950 1117 997 Zenonem.
1201 952 1270 998 At
1306 952 1394 998 ubi
1435 951 1633 1015 cognita

216 1034 375 1068 inerte
406 1020 508 1066 eius
542 1035 803 1083 antequam
843 1020 1023 1082 legatio
1063 1035 1411 1082 reverteretur,
1467 1035 1523 1067 ut
1562 1021 1636 1068 in-.

218 1088 395 1153 gress'us
430 1088 494 1135 est
523 1089 778 1150 Ravenna,
829 1102 876 1134 et
909 1086 1092 1135 oceidit
1121 1089 1426 1150 Odoacrem,
1469 1089 1631 1136 Gothi

219 1159 306 1206 libi
342 1160 756 1205 confirmaverunt
793 1157 1162 1206 Theodericum
1191 1177 1381 1223 regem,
1428 1175 1529 1205 non
1556 1176 1634 1204 ex-

141 1231 198 1275 58
216 1229 485 1291 spectantes
517 1227 771 1274 iuffionem
797 1226 914 1273 novi
939 1226 1194 1291 Principis.
1264 1230 1356 1276 Vir
1381 1227 1510 1275 enim
1530 1227 1632 1274 bel-

215 1296 542 1357 licolissiinus,
579 1298 745 1356 fortis,
777 1296 913 1342 cuius
937 1310 1067 1359 pater
1095 1297 1334 1345 WValamir
1366 1298 1524 1344 dietus
1542 1314 1630 1343 rex

218 1367 528 1426 Gothorum,
567 1365 795 1412 naturalis
820 1379 975 1411 tamen
997 1365 1098 1412 eius
1127 1366 1247 1414 fuit:
1291 1381 1444 1414 mater
1471 1365 1631 1412 Ereri-

216 1437 311 1483 liva
339 1435 468 1482 dicta
497 1435 741 1495 Gothiea,
794 1434 1048 1482 Catholica
1093 1434 1294 1498 quidem
1323 1450 1449 1496 erat,
1505 1451 1629 1499 quae
1695 1452 1698 1455 ’

142 1500 197 1557 59
218 1507 267 1552 in
299 1504 542 1569 baptismo
577 1502 783 1551 Eusebia
831 1502 975 1549 dicta.
1062 1503 1195 1567 ErgQ
1232 1505 1536 1568 praeclaruS,
1582 1507 1639 1551 et'

216 1577 373 1622 lionae
405 1573 666 1621 voluntatis
698 1573 749 1619 in
789 1570 1042 1631 omnihus,
1091 1573 1177 1636 qui
1220 1574 1438 1637 regnavit
1476 1590 1628 1620 annos

213 1661 379 1691 xxxin.
403 1643 540 1690 cuius
566 1642 870 1707 temporibus
890 1642 1092 1688 felicitas
1115 1642 1179 1689 el't
1199 1642 1402 1707 sequuta
1435 1641 1628 1701 [taliam

221 1732 306 1777 per
337 1731 488 1760 annos
517 1729 629 1760 xxx.
663 1712 727 1758 ita
755 1726 809 1758 ut
841 1710 985 1758 etiam
1013 1730 1105 1776 pax
1147 1713 1462 1776 pergentibus
1495 1711 1623 1758 effet.

139 1773 360 1829 60Nihil
404 1781 533 1829 enim
577 1799 781 1846 perpere
831 1779 977 1844 gestit.
1048 1780 1131 1828 Sic
1177 1780 1465 1845 gubernavit
1507 1779 1626 1827 duas

217 1865 381 1915 gentes
405 1851 455 1897 in
476 1869 574 1898 uno
594 1850 925 1897 Romanorum
952 1863 999 1896 et
1022 1849 1303 1896 Gothorum
1318 1887 1333 1907 ,
1373 1850 1492 1896 duni
1524 1848 1626 1913 ipse

216 1919 418 1982 quidem
438 1919 649 1966 Arianae
669 1918 823 1966 sectae
844 1917 982 1978 esset,
1017 1932 1178 1967 tamen
1199 1914 1371 1966 militia
1392 1917 1624 1970 Romanis

211 1988 334 2035 licut
357 1986 444 2034 sub
468 1987 718 2049 Principes
745 1987 836 2033 effe
875 1988 1136 2050 praecepit.
1220 1988 1366 2033 Dona
1399 2001 1445 2034 et
1477 2004 1627 2033 anno-

212 2075 297 2103 nas
316 2056 514 2119 largitus
533 2072 542 2101 :
580 2072 875 2118 quamquam
898 2056 1136 2100 aerarium
1158 2056 1413 2118 publicum
1437 2073 1492 2102 ex
1515 2069 1621 2103 toto

213 2127 410 2173 feneum
429 2123 704 2182 invenilset‚
735 2123 820 2169 l'uo
840 2122 1009 2169 labore
1033 2124 1337 2187 recuperavit
1356 2137 1402 2170 et
1424 2125 1626 2188 opulen-

212 2210 318 2241 tum
340 2193 481 2241 fecit:
518 2192 642 2238 nihil
674 2206 841 2239 contra
875 2191 1160 2255 religionem
1199 2192 1489 2242 catholicam
1523 2207 1625 2240 ten-

212 2278 347 2310 tans:
391 2262 625 2310 exhibens
654 2260 797 2308 ludos
833 2258 1158 2322 Cheenfium,
1215 2275 1261 2308 et
1297 2261 1624 2325 Ai'nphithea·

212 2347 370 2393 trum,
400 2346 454 2378 ut
482 2332 625 2378 etiam
652 2350 677 2377 a
698 2329 928 2377 Romanis
953 2329 1191 2376 Traianus
1216 2331 1294 2378 vel
1325 2331 1633 2378 Valentinia·-

211 2419 330 2463 nus,
370 2418 581 2465 quorum
624 2414 843 2463 tempora
883 2397 1086 2445 sectatus
1134 2399 1226 2457 est,
1279 2398 1619 2463 adpellaretur,

214 2484 261 2517 et
283 2489 308 2516 a
330 2469 508 2517 Gothis
532 2469 796 2516 fecundum
816 2466 1044 2514 Edictum
1063 2467 1217 2529 suuni,
1247 2487 1393 2532 quem
1416 2469 1482 2516 eis
1506 2486 1621 2516 con-

211 2539 386 2599 stituit,
417 2555 498 2585 rex
521 2537 799 2585 fortiffimus
822 2537 872 2583 in
901 2537 1129 2584 omnibus
1153 2537 1466 2584 iudicaretur.

135 2605 188 2648 61
305 2608 401 2655 Hic
422 2606 539 2654 dum
560 2607 849 2654 inlitteratus
873 2605 1009 2666 effet,
1053 2620 1210 2654 tantae
1233 2606 1490 2670 sapientiae
1511 2606 1618 2667 fuit,

211 2692 266 2724 ut
299 2677 487 2741 aliqua,
528 2694 650 2741 quae
679 2676 911 2740 loquutus
945 2674 1033 2734 est,
1072 2675 1123 2721 in
1149 2677 1293 2740 vulgo
1316 2693 1467 2738 usque
1489 2693 1617 2722 nunc

211 2765 303 2812 pro
324 2745 558 2794 sententia
586 2746 885 2806 habeamur,
919 2743 1049 2791 unde
1075 2762 1161 2791 nos
1184 2763 1280 2792 non
1304 2744 1436 2810 piget
1459 2746 1618 2809 aliqua

1361 2816 1363 2836 Ι
