1727 3144
202 140 294 178 142
366 175 369 178 ,
437 144 707 177 Anniam
746 145 1144 177 MARCELMM
1180 149 1311 192 mn,
1348 136 1421 178 15.

197 256 350 304 horae
374 256 618 304 curriculo
643 254 923 304 discrimine
943 256 1245 321 proeliorum
1269 257 1462 306 emenso
1477 296 1493 318 ,
1522 273 1597 306 tot

198 326 504 390 procubuere
531 325 691 372 subito
723 326 943 386 barbari,
987 339 1042 372 ut
1082 344 1292 392 pugnam
1327 326 1464 375 fmss‘e
1496 327 1598 376 sola

199 395 403 443 victoria
431 393 710 442 declararet.

132 488 185 517 12
301 463 403 511 Vix
440 463 557 510 dum
597 464 789 527 populis
832 463 1088 511 hostilibus
1136 463 1315 526 stratis,
1365 464 1600 528 gregatim

197 547 564 598 peremptorum
591 532 958 580 neceffitudines
993 531 1292 581 ducebantur
1331 534 1601 580 humilibus

155 623 162 631 ·
199 615 438 649 extractae
468 600 700 665 tuguriis,
751 601 917 649 aetatis
945 601 1180 667 sexusque
1216 600 1507 667 promiscui:
1555 615 1603 648 et

196 671 318 735 fastu
339 670 465 718 vitae
480 669 661 733 prioris
683 671 894 733 abolito,
933 671 994 718 ad
1015 671 1322 718 infimitatem
1344 669 1603 734 obsequio-

197 758 306 787 rum
329 757 502 787 venere
526 737 786 786 servilium:
824 753 872 787 et
892 740 1069 804 exiguo
1091 741 1325 804 temporis
1346 740 1602 786 intervallo

202 807 428 869 decurso,
473 806 723 855 caesorum
751 827 967 872 agge1·e5‚
1014 822 1060 855 et
1080 811 1386 873 captivorum
1407 807 1603 872 agmina.

136 879 187 926 13
201 880 537 924 cernebantur.
608 877 846 923 Incitante
870 878 1029 941 itaque
1054 878 1243 925 fervore
1278 877 1601 925 certaminum

198 948 459 1011 fructuque
484 946 737 1006 vincendi,
770 944 1133 994 consurrectum
1154 947 1219 993 est
1243 947 1292 993 in
1332 946 1600 1010 perniciem

202 1034 413 1076 eorum„
445 1015 531 1079 qui
560 1013 812 1062 deseruere
845 1016 1054 1080 proelia,
1097 1016 1173 1061 vel
1200 1015 1249 1061 in
1273 1016 1476 1078 tuguriis
1498 1013 1604 1060 lati-

203 1098 356 1133 tantes
396 1083 778 1131 occultabantur.
867 1084 996 1146 Hos,
1027 1103 1139 1131 cum
1168 1083 1231 1130 ad
1259 1085 1364 1131 loca
1405 1083 1603 1130 veniffet

201 1153 370 1200 avidus
403 1151 641 1198 barbarici
676 1150 914 1216 sanguinis
953 1154 1117 1213 miles,
1171 1151 1384 1200 disiectis
1429 1151 1604 1199 culmis

200 1222 391 1269 levibus
412 1221 761 1268 obtruncabat:
796 1239 882 1267 nec
906 1239 1201 1284 quem‹·1uam
1221 1221 1326 1268 casa
1355 1221 1431 1268 vel
1461 1221 1606 1268 trabi-

207 1293 297 1338 bus
324 1302 578 1352 compacta
608 1288 882 1335 firmiffimis
920 1289 1138 1353 periculo
1176 1289 1346 1336 mortis
1387 1289 1604 1336 extraxit.

137 1357 188 1408 ¹4
212 1359 460 1422 Denique,
495 1376 609 1404 cum
646 1357 1060 1404 inflammarentur
1100 1358 1291 1419 omnia,
1349 1358 1608 1422 nullusque

206 1430 355 1476 latere
375 1427 471 1474 iam
497 1425 674 1490 pollet,
703 1426 889 1473 cunctis
922 1427 1046 1474 vitae
1074 1426 1324 1490 praelidiis
1353 1426 1610 1473 circumci-

206 1497 291 1558 fis,
334 1510 418 1542 aut
450 1496 686 1542 obstinate
718 1496 820 1558 igni
852 1495 1043 1559 peribat
1082 1494 1386 1560 absumptus,
1428 1509 1510 1542 aut
1540 1496 1611 1542 in-

209 1565 439 1613 cendium
474 1563 628 1609 vitans
666 1565 717 1623 ¹¹)
749 1564 1080 1627 egreffusquc,
1121 1583 1222 1611 uno
1256 1563 1498 1628 supplicio
1530 1564 1612 1612 de-

140 1632 193 1675 15
210 1634 390 1681 clinato
407 1668 420 1692 ⁷
443 1631 572 1677 ferro
591 1631 885 1678 sternebatur
905 1632 1083 1679 hostili.
1157 1632 1417 1695 Fugientes
1451 1648 1612 1681 tamen

209 1701 362 1766 aliqui
394 1700 487 1746 tela
520 1699 959 1765 incendiorumque
1002 1700 1411 1764 magnitudinem,
1457 1703 1612 1750 amnis

209 1770 358 1819 vicini
387 1766 434 1816 se
463 1767 747 1815 commisere
778 1769 1074 1832 gurgitibus,
1125 1769 1294 1830 peritia
1313 1770 1458 1816 naudi
1484 1771 1612 1834 ripas

209 1839 465 1886 ulteriores
496 1854 735 1900 occupare
768 1837 895 1900 poll'e
926 1836 1198 1901 sperantes:
1233 1856 1443 1903 quorum
1471 1839 1615 1903 pleri-

212 1927 305 1974 qne
336 1904 569 1954 submerfi
597 1906 750 1951 necati
781 1904 919 1963 sunt,
959 1907 1040 1952 alii
1070 1906 1238 1952 iaculis
1267 1907 1455 1970 periere
1494 1925 1615 1954 con-

209 1978 323 2026 fixi:
353 1975 476 2023 adeo
497 1988 551 2020 ut
570 1974 764 2021 abunde
784 1992 958 2022 cruore
984 1974 1156 2021 diffuso
1185 1989 1366 2022 meatus
1398 1976 1610 2022 [luminis

210 2046 455 2111 spumaret
487 2042 730 2089 iminenli:
782 2042 846 2089 ita
887 2060 971 2108 per
1019 2045 1312 2090 elementum
1350 2057 1614 2110 utrumque

215 2117 453 2163 Sarmatas
472 2111 769 2158 vincentium
790 2112 858 2157 ira
888 2112 1131 2176 virtusque
1165 2111 1359 2159 delevit.

146 2186 198 2228 16
305 2176 557 2228 Placuerat
586 2179 732 2242 igitur
764 2181 867 2244 post
893 2180 1024 2227 hunc
1062 2198 1220 2227 rerum
1253 2181 1478 2228 ordinem
1497 2199 1614 2228 cun-

216 2252 306 2299 ctis
333 2249 478 2296 adimi
514 2247 644 2312 spem
680 2266 873 2295 omnem
908 2250 1128 2313 vitaeque
1157 2249 1405 2296 solatium:
1440 2264 1486 2296 et
1510 2250 1615 2313 post

215 2322 339 2367 lares
360 2316 578 2366 >incensos
599 2331 851 2381 raptasque
871 2318 1101 2378 familias,
1140 2319 1327 2381 navigia
1361 2318 1476 2365 iuffa
1504 2318 1614 2364 suut

218 2388 410 2452 colligi,
443 2386 502 2433 ad
522 2385 843 2449 indagandos,
877 2404 999 2450 quos
1021 2405 1045 2432 a
1065 2387 1335 2435 nostrorum
1360 2387 1461 2433 acie
1493 2387 1615 2433 ulte·-

152 2474 201 2517 ¹7
221 2459 320 2504 rior
352 2456 642 2503 discreverat
677 2455 794 2518 ripa.
876 2456 1173 2520 Statimque,
1216 2473 1275 2503 nc
1307 2455 1523 2501 alacritas
1545 2455 1614 2500 in-

222 2526 486 2589 tepesceret
520 2536 868 2587 pugnatorum,
919 2525 1128 2587 impol‘iti
1159 2524 1386 2570 lintribus
1418 2541 1503 2587 per
1533 2524 1615 2569 ab-

224 2593 324 2640 dita
379 2592 514 2640 ducti
563 2593 728 2639 velites
775 2592 1020 2658 expediti,
1063 2606 1362 2658 occuparunt
1414 2592 1614 2640 latibula

272 2755 336 2801 ιι)
363 2758 486 2797 διερΙι.
516 2753 757 2804 egressusque.
