1727 3144
218 127 311 170 1152
455 137 730 168 AMMIANI
795 126 1182 168 mAnanmzsl
1228 137 1387 178 xxvn,
1437 140 1483 182 9.

218 265 313 313 que
339 265 507 296 eorum
545 246 797 294 sublimius
829 245 1119 309 erigentem:
1162 259 1212 296 et
1242 244 1377 310 quod
1407 256 1507 293 erat
1536 261 1625 309 pu-

215 319 344 365 blice
407 317 732 381 privatimque
788 314 1080 376 dolendum,
1145 313 1382 362 indeflexa
1428 313 1626 361 saevitia

216 387 502 453 punientem
541 385 872 449 gregariorum
901 398 1078 441 errata,
1115 397 1393 448 parcentem
1425 382 1627 447 potioni-

219 457 338 516 hus,
395 455 479 519 qui
517 468 763 517 tamquam
801 450 1014 516 jieccatis
1054 452 1241 499 indulta
1281 452 1497 512 licentia,
1562 450 1626 498 ad

218 526 380 572 labem
403 521 693 569 delictorum
719 521 1006 568 immanium
1035 522 1412 585 consurgebant:
1459 519 1544 584 qui
1571 537 1627 567 ex

223 611 281 641 eo
316 593 619 654 anhelantes,
661 609 716 638 ex
745 605 868 638 nutu
893 590 979 638 suo
1011 590 1291 637 indistanter
1323 602 1494 654 putant
1525 605 1628 635 om-

174 671 203 717 5
224 662 358 709 nium
394 659 611 726 pendere
633 659 867 707 fortunas.
949 660 1143 707 Horum
1174 662 1312 705 flatus
1345 661 1391 705 e't
1410 656 1629 721 pondera

224 732 501 779 inventores
530 729 648 775 iuris
670 728 854 792 antiqui
883 728 923 793 ²)
945 729 1247 790 mollientes,
1293 727 1440 774 etiam
1469 725 1630 774 inson-

224 815 295 847 tes
321 798 558 864 quosdam
589 797 881 860 aliquotiens
902 796 1157 864 'suppliciis
1186 796 1372 842 aboleri
1402 793 1630 842 censuere

223 869 465 916 letalibus.
540 865 691 922 Quod.
712 865 851 928 saepe
873 866 1135 928 contingit⁷
1174 883 1284 911 cum
1320 865 1382 910 ob
1415 864 1633 909 multitu-

229 937 355 984 dinis
375 935 604 994 erimina,
641 933 866 979 nonnulli
895 931 1032 979 sortis
1063 933 1318 997 iniquitate
1351 933 1630 997 plectuntur

227 1004 437 1051 innoxii:
473 1002 527 1048 id
547 1001 677 1049 enim
704 1018 1073 1066 nonnumquam
1103 1002 1164 1049 ad
1193 1001 1493 1066 privatorum
1526 1018 1632 1066 per-

225 1074 372 1120 tinuit
391 1070 570 1117 causas.
1257 1078 1265 1090 ¹

182 1142 209 1184 6
327 1141 394 1187 At
428 1141 478 1186 in
510 1138 688 1187 Isauria
719 1138 953 1201 globatim
986 1156 1071 1203 per
1097 1139 1256 1188 vicina
1285 1138 1477 1204 digresli
1501 1155 1636 1204 prae-

231 1209 408 1270 dones,
446 1207 631 1273 oppida
658 1206 892 1271 villasque
921 1209 1096 1256 uberes
1129 1210 1283 1258 libera
1314 1209 1633 1274 populatione

227 1293 449 1327 vexantes
469 1315 480 1340 7
518 1276 852 1342 magnitudine
878 1279 1170 1325 iacturarum
1190 1278 1529 1343 Pamphyliam
1552 1273 1634 1322 ad-

227 1349 479 1395 ssictabant
509 1361 557 1394 et
588 1346 779 1394 Cilicas.
868 1346 1007 1402 Quos
1037 1366 1152 1394 cum
1179 1348 1323 1394 nullis
1358 1344 1634 1394 arcentibus

228 1417 524 1464 internecive
544 1429 715 1462 cuncta
735 1414 1018 1480 disperdere
1040 1415 1180 1463 Afiae
1199 1416 1422 1465 Vicarius
1443 1433 1497 1462 ea
1518 1428 1636 1462 tem-

228 1486 407 1550 pestate
435 1484 688 1532 Musonius
720 1483 1017 1546 advertisset,
1059 1485 1268 1533 Athenis
1284 1485 1474 1532 'Atticis
1506 1495 1635 1530 ante-

230 1556 322 1605 hac
340 1554 561 1618 magister
582 1554 879 1600 rhetoricus:
910 1552 1173 1618 deploratis
1199 1553 1452 1601 novislime
1473 1552 1635 1612 rebus,

231 1625 443 1688 luxuque
496 1622 777 1669 adiumento
830 1623 1026 1670 militari
1082 1638 1352 1685 marcente,
1403 1620 1638 1669 adhibitis

231 1691 566 1739 semiermibus
620 1691 814 1756 paucis,
879 1709 1001 1756 quos
1052 1692 1328 1755 Diogmitas
1373 1690 1636 1755 adpellant,

234 1779 383 1806 uuum
438 1760 750 1824 grassatorum
772 1778 1009 1821 cuneum,
1061 1760 1096 1806 fi
1148 1760 1369 1825 patuisset
1419 1759 1638 1817 facultas,

233 1829 416 1874 adoriri
445 1843 672 1888 conatus,
715 1848 800 1893 per
831 1830 1081 1892 angustum
1111 1829 1373 1893 quemdam
1402 1827 1638 1876 transiens
1662 1836 1670 1839 ”

234 1897 520 1943 devexitatis
551 1898 864 1954 amfractum,
921 1898 982 1944 ad
1018 1899 1321 1945 inevitabiles
1363 1899 1495 1946 veuit
1531 1894 1641 1941 infi-

236 1966 364 2012 dias:
410 1978 456 2012 et
484 1964 554 2010 ibi
595 1983 703 2010 cum
743 1964 818 2011 his
860 1966 1104 2011 confoffus
1141 1966 1206 2012 est
1249 1984 1371 2029 quos
1410 1963 1635 2012 ducebat.

187 2033 365 2092 7Tali.
401 2031 612 2080 successu
648 2033 858 2079 latrones
900 2032 1263 2095 praetumidos,
1321 2034 1637 2098 palantesque

236 2120 324 2166 per
363 2102 491 2149 varia
533 2099 883 2161 confidentius,
933 2101 1200 2148 interfectis
1238 2101 1508 2166 aliquibus,
1553 2100 1639 2148 3ad

235 2169 471 2218 latebrosa
493 2170 530 2234 ³)
550 2169 791 2216 montium
811 2169 916 2215 saxa
941 2187 1063 2233 quae
1084 2170 1305 2217 incolunt
1326 2171 1507 2218 excitae
1539 2184 1640 2217 tan·-

240 2240 351 2286 dem
364 2240 534 2303 copiae
557 2237 916 2285 contruserunt:
950 2238 1037 2284 ubi
1059 2257 1171 2285 cum
1194 2239 1260 2286 eis
1281 2253 1369 2286 nec
1392 2238 1638 2304 quiescen-

240 2307 291 2354 di
322 2327 413 2362 nec
442 2305 722 2354 inveniendi
751 2304 812 2353 ad
846 2307 1028 2353 victum
1062 2307 1200 2353 utilia
1225 2308 1367 2371 copia
1386 2310 1637 2368 laxaretur,

238 2396 324 2442 per
362 2376 575 2423 indutias
610 2392 776 2439 pacem
808 2374 896 2422 libi
930 2376 1080 2422 tribui
1110 2375 1462 2440 poposcerunt,
1517 2378 1639 2423 Ger-

238 2445 662 2509 manicopolitanis
691 2444 997 2505 auctoribus,
1043 2463 1253 2509 quorum
1275 2444 1405 2509 apud
1432 2463 1540 2506 eos,
1582 2459 1639 2492 ut

242 2515 493 2579 signiferae
522 2531 715 2576 manus,
753 2513 942 2577 semper
970 2514 1159 2563 valuere
1189 2513 1473 2563 sentcntiae:
1516 2512 1639 2562 obli·

290 2747 327 2792 2)
352 2744 419 2780 Ms.
446 2744 649 2780 molientes.
699 2746 735 2791 3)
761 2743 827 2780 ΜΓ.
854 2745 1082 2780 ammutium
