<?xml version="1.0" encoding="UTF-8"?>
<!DOCTYPE html PUBLIC "-//W3C//DTD XHTML 1.0 Transitional//EN"
    "http://www.w3.org/TR/xhtml1/DTD/xhtml1-transitional.dtd">
<html xmlns="http://www.w3.org/1999/xhtml" xml:lang="en" lang="en">
 <head>
  <title>
</title>
<meta http-equiv="Content-Type" content="text/html;charset=utf-8" />
  <meta name='ocr-system' content='tesseract 3.04.00' />
  <meta name='ocr-capabilities' content='ocr_page ocr_carea ocr_par ocr_line ocrx_word'/>
</head>
<body>
  <div class='ocr_page' id='page_1' title='image "ammianimarcellin01ammiuoft_0400.png"; bbox 0 0 1727 3144; ppageno 0'>
   <div class='ocr_carea' id='block_1_1' title="bbox 196 154 1374 213">
    <p class='ocr_par' dir='ltr' id='par_1_1' title="bbox 196 154 1374 213">
     <span class='ocr_line' id='line_1_1' title="bbox 196 154 1374 213; baseline -0.003 -13"><span class='ocrx_word' id='word_1_1' title='bbox 196 154 295 200; x_wconf 74' lang='lat'>216</span> <span class='ocrx_word' id='word_1_2' title='bbox 435 164 718 198; x_wconf 58' lang='lat' dir='ltr'>amatam</span> <span class='ocrx_word' id='word_1_3' title='bbox 763 164 1155 198; x_wconf 63' lang='lat' dir='ltr'>manentum</span> <span class='ocrx_word' id='word_1_4' title='bbox 1198 167 1282 213; x_wconf 81' lang='lat' dir='ltr'>xx,</span> <span class='ocrx_word' id='word_1_5' title='bbox 1329 168 1374 213; x_wconf 88' lang='lat'>7.</span> 
     </span>
    </p>
   </div>
   <div class='ocr_carea' id='block_1_2' title="bbox 152 273 1609 548">
    <p class='ocr_par' dir='ltr' id='par_1_2' title="bbox 152 273 1609 548">
     <span class='ocr_line' id='line_1_2' title="bbox 152 273 1606 341; baseline 0 -17"><span class='ocrx_word' id='word_1_6' title='bbox 152 289 181 333; x_wconf 93' lang='lat'>7</span> <span class='ocrx_word' id='word_1_7' title='bbox 221 281 223 284; x_wconf 82' lang='grc'><strong>’</strong></span> <span class='ocrx_word' id='word_1_8' title='bbox 293 274 480 325; x_wconf 87' lang='lat' dir='ltr'>Verum</span> <span class='ocrx_word' id='word_1_9' title='bbox 498 273 704 340; x_wconf 87' lang='lat' dir='ltr'>sequuto</span> <span class='ocrx_word' id='word_1_10' title='bbox 733 273 811 324; x_wconf 89' lang='lat' dir='ltr'>die</span> <span class='ocrx_word' id='word_1_11' title='bbox 828 313 840 336; x_wconf 89' lang='lat'>,</span> <span class='ocrx_word' id='word_1_12' title='bbox 879 274 981 323; x_wconf 86' lang='lat' dir='ltr'>otio</span> <span class='ocrx_word' id='word_1_13' title='bbox 1007 276 1260 324; x_wconf 84' lang='lat' dir='ltr'>communi</span> <span class='ocrx_word' id='word_1_14' title='bbox 1277 274 1480 325; x_wconf 79' lang='lat' dir='ltr'>adsensu</span> <span class='ocrx_word' id='word_1_15' title='bbox 1498 274 1606 341; x_wconf 82' lang='lat' dir='ltr'>post</span> 
     </span>
     <span class='ocr_line' id='line_1_3' title="bbox 201 345 1607 410; baseline 0 -16"><span class='ocrx_word' id='word_1_16' title='bbox 201 364 453 394; x_wconf 75' lang='lat' dir='ltr'><strong>aerumnas</strong></span> <span class='ocrx_word' id='word_1_17' title='bbox 474 346 768 410; x_wconf 83' lang='lat' dir='ltr'>multiplices</span> <span class='ocrx_word' id='word_1_18' title='bbox 788 345 1050 406; x_wconf 87' lang='lat' dir='ltr'>attributo,</span> <span class='ocrx_word' id='word_1_19' title='bbox 1082 362 1192 392; x_wconf 86' lang='lat' dir='ltr'>cum</span> <span class='ocrx_word' id='word_1_20' title='bbox 1216 364 1418 410; x_wconf 82' lang='lat' dir='ltr'>magnus</span> <span class='ocrx_word' id='word_1_21' title='bbox 1446 360 1607 394; x_wconf 80' lang='lat' dir='ltr'>terror</span> 
     </span>
     <span class='ocr_line' id='line_1_4' title="bbox 201 413 1608 480; baseline -0.001 -17"><span class='ocrx_word' id='word_1_22' title='bbox 201 414 567 463; x_wconf 81' lang='lat' dir='ltr'>circnmfisteret</span> <span class='ocrx_word' id='word_1_23' title='bbox 588 433 781 477; x_wconf 84' lang='lat' dir='ltr'>muros,</span> <span class='ocrx_word' id='word_1_24' title='bbox 814 413 1085 480; x_wconf 74' lang='lat' dir='ltr'>Persaeque</span> <span class='ocrx_word' id='word_1_25' title='bbox 1106 414 1240 479; x_wconf 86' lang='lat' dir='ltr'>paria</span> <span class='ocrx_word' id='word_1_26' title='bbox 1260 413 1608 463; x_wconf 80' lang='lat' dir='ltr'>formidarent:</span> 
     </span>
     <span class='ocr_line' id='line_1_5' title="bbox 206 482 1609 548; baseline -0.001 -16"><span class='ocrx_word' id='word_1_27' title='bbox 206 483 501 534; x_wconf 72' lang='lat' dir='ltr'>Christianae</span> <span class='ocrx_word' id='word_1_28' title='bbox 526 484 645 548; x_wconf 83' lang='lat' dir='ltr'>legis</span> <span class='ocrx_word' id='word_1_29' title='bbox 675 484 866 532; x_wconf 83' lang='lat' dir='ltr'>antistes</span> <span class='ocrx_word' id='word_1_30' title='bbox 901 485 1030 532; x_wconf 83' lang='lat' dir='ltr'>exire</span> <span class='ocrx_word' id='word_1_31' title='bbox 1063 482 1109 531; x_wconf 88' lang='lat' dir='ltr'>se</span> <span class='ocrx_word' id='word_1_32' title='bbox 1147 484 1270 532; x_wconf 87' lang='lat' dir='ltr'>velle</span> <span class='ocrx_word' id='word_1_33' title='bbox 1302 484 1512 548; x_wconf 82' lang='lat' dir='ltr'>gestibus</span> <span class='ocrx_word' id='word_1_34' title='bbox 1533 502 1609 539; x_wconf 74' lang='lat' dir='ltr'>os-</span> 
     </span>
    </p>
   </div>
   <div class='ocr_carea' id='block_1_3' title="bbox 203 551 1679 619">
    <p class='ocr_par' dir='ltr' id='par_1_3' title="bbox 203 551 1679 619">
     <span class='ocr_line' id='line_1_6' title="bbox 203 551 1679 619; baseline 0 -19"><span class='ocrx_word' id='word_1_35' title='bbox 203 552 436 600; x_wconf 82' lang='lat' dir='ltr'>tendebat</span> <span class='ocrx_word' id='word_1_36' title='bbox 477 568 523 600; x_wconf 87' lang='lat' dir='ltr'>et</span> <span class='ocrx_word' id='word_1_37' title='bbox 550 568 697 614; x_wconf 66' lang='lat' dir='ltr'>nutu,</span> <span class='ocrx_word' id='word_1_38' title='bbox 758 567 1054 619; x_wconf 86' lang='lat' dir='ltr'>acceptaque</span> <span class='ocrx_word' id='word_1_39' title='bbox 1091 551 1218 614; x_wconf 89' lang='lat' dir='ltr'>fide,</span> <span class='ocrx_word' id='word_1_40' title='bbox 1272 552 1408 618; x_wconf 92' lang='lat' dir='ltr'>quod</span> <span class='ocrx_word' id='word_1_41' title='bbox 1447 551 1610 600; x_wconf 81' lang='lat' dir='ltr'>redire</span> <span class='ocrx_word' id='word_1_42' title='bbox 1675 564 1679 565; x_wconf 72' lang='grc'>’</span> 
     </span>
    </p>
   </div>
   <div class='ocr_carea' id='block_1_4' title="bbox 142 621 1631 2538">
    <p class='ocr_par' dir='ltr' id='par_1_4' title="bbox 142 621 1631 2538">
     <span class='ocr_line' id='line_1_7' title="bbox 204 621 1613 689; baseline 0 -21"><span class='ocrx_word' id='word_1_43' title='bbox 204 622 566 686; x_wconf 84' lang='lat' dir='ltr'>permitteretur</span> <span class='ocrx_word' id='word_1_44' title='bbox 586 623 863 684; x_wconf 84' lang='lat' dir='ltr'>incolumis,</span> <span class='ocrx_word' id='word_1_45' title='bbox 911 622 1127 689; x_wconf 88' lang='lat' dir='ltr'>adusque</span> <span class='ocrx_word' id='word_1_46' title='bbox 1152 621 1361 670; x_wconf 86' lang='lat' dir='ltr'>tentoria</span> <span class='ocrx_word' id='word_1_47' title='bbox 1385 623 1510 686; x_wconf 84' lang='lat' dir='ltr'>regis</span> <span class='ocrx_word' id='word_1_48' title='bbox 1535 639 1613 668; x_wconf 83' lang='lat' dir='ltr'>ac-</span> 
     </span>
     <span class='ocr_line' id='line_1_8' title="bbox 159 689 1614 757; baseline 0.001 -21"><span class='ocrx_word' id='word_1_49' title='bbox 159 707 187 751; x_wconf 72' lang='lat'>8</span> <span class='ocrx_word' id='word_1_50' title='bbox 205 690 354 738; x_wconf 76' lang='lat' dir='ltr'>cellit.</span> <span class='ocrx_word' id='word_1_51' title='bbox 433 691 526 738; x_wconf 87' lang='lat' dir='ltr'>Ubi</span> <span class='ocrx_word' id='word_1_52' title='bbox 556 691 664 739; x_wconf 87' lang='lat' dir='ltr'>data</span> <span class='ocrx_word' id='word_1_53' title='bbox 683 693 824 756; x_wconf 84' lang='lat' dir='ltr'>copia</span> <span class='ocrx_word' id='word_1_54' title='bbox 847 691 1072 753; x_wconf 88' lang='lat' dir='ltr'>dicendi,</span> <span class='ocrx_word' id='word_1_55' title='bbox 1102 709 1222 757; x_wconf 87' lang='lat' dir='ltr'>quae</span> <span class='ocrx_word' id='word_1_56' title='bbox 1244 692 1413 752; x_wconf 80' lang='lat' dir='ltr'>vellet,</span> <span class='ocrx_word' id='word_1_57' title='bbox 1445 689 1614 755; x_wconf 84' lang='lat' dir='ltr'>suade-</span> 
     </span>
     <span class='ocr_line' id='line_1_9' title="bbox 203 759 1612 824; baseline -0.001 -17"><span class='ocrx_word' id='word_1_58' title='bbox 203 760 287 807; x_wconf 85' lang='lat' dir='ltr'>bat</span> <span class='ocrx_word' id='word_1_59' title='bbox 312 760 507 824; x_wconf 83' lang='lat' dir='ltr'>placido</span> <span class='ocrx_word' id='word_1_60' title='bbox 533 761 754 809; x_wconf 78' lang='lat' dir='ltr'>sermone</span> <span class='ocrx_word' id='word_1_61' title='bbox 786 760 1037 808; x_wconf 85' lang='lat' dir='ltr'>discedere</span> <span class='ocrx_word' id='word_1_62' title='bbox 1065 759 1228 808; x_wconf 82' lang='lat' dir='ltr'>Persas</span> <span class='ocrx_word' id='word_1_63' title='bbox 1261 759 1323 806; x_wconf 86' lang='lat' dir='ltr'>ad</span> <span class='ocrx_word' id='word_1_64' title='bbox 1351 759 1460 821; x_wconf 88' lang='lat' dir='ltr'>sua,</span> <span class='ocrx_word' id='word_1_65' title='bbox 1503 759 1612 823; x_wconf 82' lang='lat' dir='ltr'>post</span> 
     </span>
     <span class='ocr_line' id='line_1_10' title="bbox 203 828 1614 896; baseline -0.001 -21"><span class='ocrx_word' id='word_1_66' title='bbox 203 845 486 877; x_wconf 87' lang='lat' dir='ltr'>communes</span> <span class='ocrx_word' id='word_1_67' title='bbox 518 831 667 894; x_wconf 85' lang='lat' dir='ltr'>partis</span> <span class='ocrx_word' id='word_1_68' title='bbox 702 830 956 896; x_wconf 82' lang='lat' dir='ltr'>utriusque</span> <span class='ocrx_word' id='word_1_69' title='bbox 987 831 1146 877; x_wconf 88' lang='lat' dir='ltr'>luctus</span> <span class='ocrx_word' id='word_1_70' title='bbox 1187 828 1441 876; x_wconf 84' lang='lat' dir='ltr'>formidari</span> <span class='ocrx_word' id='word_1_71' title='bbox 1468 829 1614 876; x_wconf 87' lang='lat' dir='ltr'>etiam</span> 
     </span>
     <span class='ocr_line' id='line_1_11' title="bbox 203 896 1616 961; baseline -0.001 -17"><span class='ocrx_word' id='word_1_72' title='bbox 203 898 413 945; x_wconf 81' lang='lat' dir='ltr'>maiores</span> <span class='ocrx_word' id='word_1_73' title='bbox 438 898 723 960; x_wconf 86' lang='lat' dir='ltr'>adfirmans,</span> <span class='ocrx_word' id='word_1_74' title='bbox 760 898 960 947; x_wconf 84' lang='lat' dir='ltr'>forfitan</span> <span class='ocrx_word' id='word_1_75' title='bbox 979 897 1289 955; x_wconf 82' lang='lat' dir='ltr'>adventuros.</span> <span class='ocrx_word' id='word_1_76' title='bbox 1373 896 1476 945; x_wconf 90' lang='lat' dir='ltr'>Sed</span> <span class='ocrx_word' id='word_1_77' title='bbox 1506 914 1616 961; x_wconf 84' lang='lat' dir='ltr'>per-</span> 
     </span>
     <span class='ocr_line' id='line_1_12' title="bbox 201 964 1614 1031; baseline 0 -20"><span class='ocrx_word' id='word_1_78' title='bbox 201 966 355 1013; x_wconf 80' lang='lat' dir='ltr'>stabat</span> <span class='ocrx_word' id='word_1_79' title='bbox 384 967 615 1014; x_wconf 72' lang='lat' dir='ltr'>incassum</span> <span class='ocrx_word' id='word_1_80' title='bbox 651 968 773 1015; x_wconf 87' lang='lat' dir='ltr'>haec</span> <span class='ocrx_word' id='word_1_81' title='bbox 818 969 1068 1031; x_wconf 84' lang='lat' dir='ltr'>multaque</span> <span class='ocrx_word' id='word_1_82' title='bbox 1107 966 1279 1014; x_wconf 83' lang='lat' dir='ltr'>fimilia</span> <span class='ocrx_word' id='word_1_83' title='bbox 1319 964 1614 1026; x_wconf 78' lang='lat' dir='ltr'>differendo,</span> 
     </span>
     <span class='ocr_line' id='line_1_13' title="bbox 204 1035 1616 1100; baseline 0 -20"><span class='ocrx_word' id='word_1_84' title='bbox 204 1035 399 1082; x_wconf 86' lang='lat' dir='ltr'>efferata</span> <span class='ocrx_word' id='word_1_85' title='bbox 423 1036 611 1082; x_wconf 75' lang='lat' dir='ltr'>vesania</span> <span class='ocrx_word' id='word_1_86' title='bbox 630 1037 754 1100; x_wconf 83' lang='lat' dir='ltr'>regis</span> <span class='ocrx_word' id='word_1_87' title='bbox 777 1037 1010 1096; x_wconf 75' lang='lat' dir='ltr'>obstante,</span> <span class='ocrx_word' id='word_1_88' title='bbox 1046 1036 1082 1100; x_wconf 86' lang='lat'>⁵)</span> <span class='ocrx_word' id='word_1_89' title='bbox 1102 1054 1203 1083; x_wconf 86' lang='lat' dir='ltr'>non</span> <span class='ocrx_word' id='word_1_90' title='bbox 1223 1049 1332 1083; x_wconf 86' lang='lat' dir='ltr'>ante</span> <span class='ocrx_word' id='word_1_91' title='bbox 1351 1035 1616 1083; x_wconf 80' lang='lat' dir='ltr'>castrorum</span> 
     </span>
     <span class='ocr_line' id='line_1_14' title="bbox 162 1102 1617 1169; baseline -0.001 -20"><span class='ocrx_word' id='word_1_92' title='bbox 162 1115 189 1154; x_wconf 87' lang='lat'>9</span> <span class='ocrx_word' id='word_1_93' title='bbox 206 1103 448 1149; x_wconf 71' lang='lat' dir='ltr'>excidium</span> <span class='ocrx_word' id='word_1_94' title='bbox 473 1102 664 1167; x_wconf 79' lang='lat' dir='ltr'><strong>digredi</strong></span> <span class='ocrx_word' id='word_1_95' title='bbox 688 1105 1001 1169; x_wconf 80' lang='lat' dir='ltr'>pertinaciter</span> <span class='ocrx_word' id='word_1_96' title='bbox 1022 1104 1303 1151; x_wconf 72' lang='lat' dir='ltr'>adim-antis.</span> <span class='ocrx_word' id='word_1_97' title='bbox 1384 1103 1617 1152; x_wconf 84' lang='lat' dir='ltr'>Perstrin-</span> 
     </span>
     <span class='ocr_line' id='line_1_15' title="bbox 203 1171 1618 1237; baseline -0.001 -19"><span class='ocrx_word' id='word_1_98' title='bbox 203 1171 277 1218; x_wconf 79' lang='lat' dir='ltr'>xit</span> <span class='ocrx_word' id='word_1_99' title='bbox 310 1185 469 1218; x_wconf 84' lang='lat' dir='ltr'>tamen</span> <span class='ocrx_word' id='word_1_100' title='bbox 507 1172 718 1236; x_wconf 80' lang='lat' dir='ltr'>suspicio</span> <span class='ocrx_word' id='word_1_101' title='bbox 757 1191 880 1220; x_wconf 81' lang='lat' dir='ltr'>&#39;vana</span> <span class='ocrx_word' id='word_1_102' title='bbox 919 1173 1162 1237; x_wconf 83' lang='lat' dir='ltr'>quaedam</span> <span class='ocrx_word' id='word_1_103' title='bbox 1205 1172 1514 1236; x_wconf 82' lang='lat' dir='ltr'>episcopum,</span> <span class='ocrx_word' id='word_1_104' title='bbox 1561 1184 1618 1218; x_wconf 79' lang='lat' dir='ltr'>ut.</span> 
     </span>
     <span class='ocr_line' id='line_1_16' title="bbox 206 1238 1620 1305; baseline 0 -20"><span class='ocrx_word' id='word_1_105' title='bbox 206 1239 398 1302; x_wconf 79' lang='lat' dir='ltr'>opinor,</span> <span class='ocrx_word' id='word_1_106' title='bbox 435 1241 551 1288; x_wconf 87' lang='lat' dir='ltr'>licet</span> <span class='ocrx_word' id='word_1_107' title='bbox 568 1241 932 1289; x_wconf 87' lang='lat' dir='ltr'>adseveratione</span> <span class='ocrx_word' id='word_1_108' title='bbox 951 1242 1145 1305; x_wconf 84' lang='lat' dir='ltr'>vulgata</span> <span class='ocrx_word' id='word_1_109' title='bbox 1167 1242 1453 1302; x_wconf 86' lang='lat' dir='ltr'>multorum,</span> <span class='ocrx_word' id='word_1_110' title='bbox 1483 1238 1620 1305; x_wconf 88' lang='lat' dir='ltr'>quod</span> 
     </span>
     <span class='ocr_line' id='line_1_17' title="bbox 203 1307 1620 1375; baseline -0.001 -20"><span class='ocrx_word' id='word_1_111' title='bbox 203 1307 502 1357; x_wconf 84' lang='lat' dir='ltr'>clandestino</span> <span class='ocrx_word' id='word_1_112' title='bbox 561 1310 816 1374; x_wconf 89' lang='lat' dir='ltr'>colloquio</span> <span class='ocrx_word' id='word_1_113' title='bbox 870 1311 1111 1375; x_wconf 89' lang='lat' dir='ltr'>Saporem</span> <span class='ocrx_word' id='word_1_114' title='bbox 1171 1308 1434 1366; x_wconf 82' lang='lat' dir='ltr'>docuerat,</span> <span class='ocrx_word' id='word_1_115' title='bbox 1494 1324 1620 1373; x_wconf 86' lang='lat' dir='ltr'>qua-e</span> 
     </span>
     <span class='ocr_line' id='line_1_18' title="bbox 205 1376 1621 1443; baseline 0 -20"><span class='ocrx_word' id='word_1_116' title='bbox 205 1378 455 1424; x_wconf 84' lang='lat' dir='ltr'>moenium</span> <span class='ocrx_word' id='word_1_117' title='bbox 475 1378 726 1443; x_wconf 78' lang='lat' dir='ltr'>adpeteret</span> <span class='ocrx_word' id='word_1_118' title='bbox 747 1380 986 1438; x_wconf 88' lang='lat' dir='ltr'>membra,</span> <span class='ocrx_word' id='word_1_119' title='bbox 1025 1391 1080 1424; x_wconf 90' lang='lat' dir='ltr'>ut</span> <span class='ocrx_word' id='word_1_120' title='bbox 1108 1377 1299 1441; x_wconf 75' lang='lat' dir='ltr'>fragilia</span> <span class='ocrx_word' id='word_1_121' title='bbox 1333 1376 1621 1424; x_wconf 79' lang='lat' dir='ltr'>intrinsecus</span> 
     </span>
     <span class='ocr_line' id='line_1_19' title="bbox 210 1445 1621 1512; baseline 0 -20"><span class='ocrx_word' id='word_1_122' title='bbox 210 1460 257 1492; x_wconf 86' lang='lat' dir='ltr'>ct</span> <span class='ocrx_word' id='word_1_123' title='bbox 284 1446 508 1493; x_wconf 82' lang='lat' dir='ltr'>invalida.</span> <span class='ocrx_word' id='word_1_124' title='bbox 590 1447 804 1512; x_wconf 85' lang='lat' dir='ltr'>Hocque</span> <span class='ocrx_word' id='word_1_125' title='bbox 834 1446 1011 1494; x_wconf 79' lang='lat' dir='ltr'>exinde</span> <span class='ocrx_word' id='word_1_126' title='bbox 1044 1446 1303 1494; x_wconf 71' lang='lat' dir='ltr'>verisimile</span> <span class='ocrx_word' id='word_1_127' title='bbox 1338 1445 1495 1493; x_wconf 84' lang='lat' dir='ltr'>visum</span> <span class='ocrx_word' id='word_1_128' title='bbox 1538 1445 1621 1506; x_wconf 85' lang='lat' dir='ltr'>est,</span> 
     </span>
     <span class='ocr_line' id='line_1_20' title="bbox 209 1515 1624 1580; baseline 0.001 -19"><span class='ocrx_word' id='word_1_129' title='bbox 209 1515 345 1578; x_wconf 89' lang='lat' dir='ltr'>quod</span> <span class='ocrx_word' id='word_1_130' title='bbox 374 1516 535 1578; x_wconf 82' lang='lat' dir='ltr'>postea</span> <span class='ocrx_word' id='word_1_131' title='bbox 557 1516 714 1563; x_wconf 87' lang='lat' dir='ltr'>intuta</span> <span class='ocrx_word' id='word_1_132' title='bbox 745 1518 856 1563; x_wconf 85' lang='lat' dir='ltr'>loca</span> <span class='ocrx_word' id='word_1_133' title='bbox 884 1515 1112 1580; x_wconf 80' lang='lat' dir='ltr'>carieque</span> <span class='ocrx_word' id='word_1_134' title='bbox 1144 1516 1364 1562; x_wconf 85' lang='lat' dir='ltr'>nutantia</span> <span class='ocrx_word' id='word_1_135' title='bbox 1393 1533 1507 1562; x_wconf 89' lang='lat' dir='ltr'>cum</span> <span class='ocrx_word' id='word_1_136' title='bbox 1541 1532 1624 1562; x_wconf 84' lang='lat' dir='ltr'>ex-</span> 
     </span>
     <span class='ocr_line' id='line_1_21' title="bbox 206 1582 1624 1648; baseline 0.001 -19"><span class='ocrx_word' id='word_1_137' title='bbox 206 1582 468 1630; x_wconf 77' lang='lat' dir='ltr'>sultatione</span> <span class='ocrx_word' id='word_1_138' title='bbox 494 1602 691 1647; x_wconf 79' lang='lat' dir='ltr'>magna,</span> <span class='ocrx_word' id='word_1_139' title='bbox 729 1585 863 1647; x_wconf 78' lang='lat' dir='ltr'>velut</span> <span class='ocrx_word' id='word_1_140' title='bbox 884 1584 1161 1648; x_wconf 77' lang='lat' dir='ltr'>regentibus</span> <span class='ocrx_word' id='word_1_141' title='bbox 1185 1584 1509 1647; x_wconf 80' lang='lat' dir='ltr'>penetralium</span> <span class='ocrx_word' id='word_1_142' title='bbox 1529 1583 1624 1632; x_wconf 90' lang='lat' dir='ltr'>cal-</span> 
     </span>
     <span class='ocr_line' id='line_1_22' title="bbox 209 1650 1607 1715; baseline 0 -18"><span class='ocrx_word' id='word_1_143' title='bbox 209 1650 322 1697; x_wconf 84' lang='lat' dir='ltr'>lidis</span> <span class='ocrx_word' id='word_1_144' title='bbox 337 1689 348 1711; x_wconf 92' lang='lat'>,</span> <span class='ocrx_word' id='word_1_145' title='bbox 382 1652 828 1715; x_wconf 79' lang='lat' dir='ltr'>contemplabiliter</span> <span class='ocrx_word' id='word_1_146' title='bbox 849 1653 1104 1700; x_wconf 81' lang='lat' dir='ltr'>machinae</span> <span class='ocrx_word' id='word_1_147' title='bbox 1126 1653 1367 1700; x_wconf 74' lang='lat' dir='ltr'>seviebant</span> <span class='ocrx_word' id='word_1_148' title='bbox 1392 1653 1607 1700; x_wconf 84' lang='lat' dir='ltr'>hostiles.</span> 
     </span>
     <span class='ocr_line' id='line_1_23' title="bbox 142 1720 1624 1784; baseline 0.001 -17"><span class='ocrx_word' id='word_1_149' title='bbox 142 1735 198 1768; x_wconf 85' lang='grc' dir='ltr'>ιο</span> <span class='ocrx_word' id='word_1_150' title='bbox 312 1720 374 1766; x_wconf 91' lang='lat' dir='ltr'>Et</span> <span class='ocrx_word' id='word_1_151' title='bbox 396 1738 692 1784; x_wconf 79' lang='lat' dir='ltr'>quamquam</span> <span class='ocrx_word' id='word_1_152' title='bbox 714 1721 897 1784; x_wconf 75' lang='lat' dir='ltr'>angusti</span> <span class='ocrx_word' id='word_1_153' title='bbox 919 1722 1062 1768; x_wconf 88' lang='lat' dir='ltr'>calles</span> <span class='ocrx_word' id='word_1_154' title='bbox 1083 1720 1413 1769; x_wconf 77' lang='lat' dir='ltr'>difficiliorem</span> <span class='ocrx_word' id='word_1_155' title='bbox 1434 1721 1624 1769; x_wconf 87' lang='lat' dir='ltr'>aditum</span> 
     </span>
     <span class='ocr_line' id='line_1_24' title="bbox 216 1786 1627 1854; baseline 0.003 -20"><span class='ocrx_word' id='word_1_156' title='bbox 216 1788 397 1834; x_wconf 85' lang='lat' dir='ltr'>dabant</span> <span class='ocrx_word' id='word_1_157' title='bbox 423 1786 486 1834; x_wconf 88' lang='lat' dir='ltr'>ad</span> <span class='ocrx_word' id='word_1_158' title='bbox 506 1806 671 1835; x_wconf 86' lang='lat' dir='ltr'>muros</span> <span class='ocrx_word' id='word_1_159' title='bbox 686 1825 699 1848; x_wconf 85' lang='lat'>,</span> <span class='ocrx_word' id='word_1_160' title='bbox 734 1790 983 1853; x_wconf 74' lang='lat' dir='ltr'>aptatique</span> <span class='ocrx_word' id='word_1_161' title='bbox 1007 1790 1180 1837; x_wconf 84' lang='lat' dir='ltr'>arietes</span> <span class='ocrx_word' id='word_1_162' title='bbox 1204 1808 1344 1854; x_wconf 80' lang='lat' dir='ltr'>aegre</span> <span class='ocrx_word' id='word_1_163' title='bbox 1367 1807 1627 1854; x_wconf 85' lang='lat' dir='ltr'>promove·</span> 
     </span>
     <span class='ocr_line' id='line_1_25' title="bbox 212 1856 1626 1923; baseline 0.001 -20"><span class='ocrx_word' id='word_1_164' title='bbox 212 1857 419 1917; x_wconf 82' lang='lat' dir='ltr'>bantur,</span> <span class='ocrx_word' id='word_1_165' title='bbox 472 1857 773 1905; x_wconf 85' lang='lat' dir='ltr'>manualium</span> <span class='ocrx_word' id='word_1_166' title='bbox 810 1856 1034 1904; x_wconf 79' lang='lat' dir='ltr'>saxorum</span> <span class='ocrx_word' id='word_1_167' title='bbox 1074 1857 1450 1923; x_wconf 82' lang='lat' dir='ltr'>sagittarumque</span> <span class='ocrx_word' id='word_1_168' title='bbox 1490 1857 1626 1905; x_wconf 84' lang='lat' dir='ltr'>metu</span> 
     </span>
     <span class='ocr_line' id='line_1_26' title="bbox 215 1924 1628 1990; baseline -0.001 -18"><span class='ocrx_word' id='word_1_169' title='bbox 215 1939 434 1973; x_wconf 84' lang='lat' dir='ltr'>arcente:</span> <span class='ocrx_word' id='word_1_170' title='bbox 466 1941 556 1970; x_wconf 93' lang='lat' dir='ltr'>nec</span> <span class='ocrx_word' id='word_1_171' title='bbox 581 1924 795 1972; x_wconf 83' lang='lat' dir='ltr'>ballistae</span> <span class='ocrx_word' id='word_1_172' title='bbox 827 1939 990 1973; x_wconf 89' lang='lat' dir='ltr'>tamen</span> <span class='ocrx_word' id='word_1_173' title='bbox 1021 1926 1258 1973; x_wconf 83' lang='lat' dir='ltr'>cell&#39;avere</span> <span class='ocrx_word' id='word_1_174' title='bbox 1288 1945 1378 1973; x_wconf 88' lang='lat' dir='ltr'>nec</span> <span class='ocrx_word' id='word_1_175' title='bbox 1409 1925 1628 1990; x_wconf 79' lang='lat' dir='ltr'>scorpio-</span> 
     </span>
     <span class='ocr_line' id='line_1_27' title="bbox 217 1992 1628 2059; baseline 0.001 -20"><span class='ocrx_word' id='word_1_176' title='bbox 217 2011 327 2055; x_wconf 88' lang='lat' dir='ltr'>nes,</span> <span class='ocrx_word' id='word_1_177' title='bbox 365 1994 473 2040; x_wconf 89' lang='lat' dir='ltr'>illae</span> <span class='ocrx_word' id='word_1_178' title='bbox 493 1993 586 2039; x_wconf 86' lang='lat' dir='ltr'>tela</span> <span class='ocrx_word' id='word_1_179' title='bbox 608 2007 919 2057; x_wconf 82' lang='lat' dir='ltr'>torquentes,</span> <span class='ocrx_word' id='word_1_180' title='bbox 950 1992 1207 2057; x_wconf 80' lang='lat' dir='ltr'>hilapides</span> <span class='ocrx_word' id='word_1_181' title='bbox 1238 1995 1462 2055; x_wconf 89' lang='lat' dir='ltr'>crebros,</span> <span class='ocrx_word' id='word_1_182' title='bbox 1510 2013 1628 2059; x_wconf 84' lang='lat' dir='ltr'>qua-</span> 
     </span>
     <span class='ocr_line' id='line_1_28' title="bbox 216 2060 1628 2128; baseline 0.001 -20"><span class='ocrx_word' id='word_1_183' title='bbox 216 2063 352 2125; x_wconf 86' lang='lat' dir='ltr'>lique</span> <span class='ocrx_word' id='word_1_184' title='bbox 371 2062 512 2108; x_wconf 85' lang='lat' dir='ltr'>limnl</span> <span class='ocrx_word' id='word_1_185' title='bbox 530 2060 755 2108; x_wconf 84' lang='lat' dir='ltr'>ardentes</span> <span class='ocrx_word' id='word_1_186' title='bbox 777 2061 885 2124; x_wconf 86' lang='lat' dir='ltr'>pice</span> <span class='ocrx_word' id='word_1_187' title='bbox 909 2075 956 2107; x_wconf 89' lang='lat' dir='ltr'>et</span> <span class='ocrx_word' id='word_1_188' title='bbox 977 2061 1217 2108; x_wconf 84' lang='lat' dir='ltr'>bitumine</span> <span class='ocrx_word' id='word_1_189' title='bbox 1240 2063 1378 2109; x_wconf 87' lang='lat' dir='ltr'>illiti:</span> <span class='ocrx_word' id='word_1_190' title='bbox 1413 2081 1628 2128; x_wconf 86' lang='lat' dir='ltr'>qnorum</span> 
     </span>
     <span class='ocr_line' id='line_1_29' title="bbox 217 2128 1629 2194; baseline 0.001 -16"><span class='ocrx_word' id='word_1_191' title='bbox 217 2130 504 2178; x_wconf 79' lang='lat' dir='ltr'>adsiduitate</span> <span class='ocrx_word' id='word_1_192' title='bbox 539 2148 627 2194; x_wconf 87' lang='lat' dir='ltr'>per</span> <span class='ocrx_word' id='word_1_193' title='bbox 648 2129 864 2193; x_wconf 84' lang='lat' dir='ltr'>proclive</span> <span class='ocrx_word' id='word_1_194' title='bbox 884 2129 1153 2177; x_wconf 87' lang='lat' dir='ltr'>labentium</span> <span class='ocrx_word' id='word_1_195' title='bbox 1172 2128 1212 2194; x_wconf 81' lang='lat'>⁶)</span> <span class='ocrx_word' id='word_1_196' title='bbox 1237 2131 1490 2180; x_wconf 84' lang='lat' dir='ltr'>machinae</span> <span class='ocrx_word' id='word_1_197' title='bbox 1514 2132 1629 2179; x_wconf 88' lang='lat' dir='ltr'>hae-</span> 
     </span>
     <span class='ocr_line' id='line_1_30' title="bbox 219 2197 1629 2265; baseline 0.001 -18"><span class='ocrx_word' id='word_1_198' title='bbox 219 2201 392 2247; x_wconf 83' lang='lat' dir='ltr'>rebant</span> <span class='ocrx_word' id='word_1_199' title='bbox 419 2199 551 2246; x_wconf 84' lang='lat' dir='ltr'>velut</span> <span class='ocrx_word' id='word_1_200' title='bbox 581 2198 688 2247; x_wconf 86' lang='lat' dir='ltr'>altis</span> <span class='ocrx_word' id='word_1_201' title='bbox 723 2197 966 2245; x_wconf 86' lang='lat' dir='ltr'>radicibus</span> <span class='ocrx_word' id='word_1_202' title='bbox 997 2200 1145 2260; x_wconf 79' lang='lat' dir='ltr'>fixae,</span> <span class='ocrx_word' id='word_1_203' title='bbox 1193 2216 1370 2265; x_wconf 82' lang='lat' dir='ltr'>easque</span> <span class='ocrx_word' id='word_1_204' title='bbox 1410 2201 1629 2250; x_wconf 83' lang='lat' dir='ltr'>malleoli</span> 
     </span>
     <span class='ocr_line' id='line_1_31' title="bbox 222 2266 1206 2316; baseline -0.004 0"><span class='ocrx_word' id='word_1_205' title='bbox 222 2284 270 2316; x_wconf 90' lang='lat' dir='ltr'>et</span> <span class='ocrx_word' id='word_1_206' title='bbox 289 2270 419 2315; x_wconf 81' lang='lat' dir='ltr'>faces</span> <span class='ocrx_word' id='word_1_207' title='bbox 440 2267 590 2314; x_wconf 85' lang='lat' dir='ltr'>iactae</span> <span class='ocrx_word' id='word_1_208' title='bbox 622 2266 899 2314; x_wconf 86' lang='lat' dir='ltr'>destinatius</span> <span class='ocrx_word' id='word_1_209' title='bbox 926 2267 1206 2314; x_wconf 72' lang='lat' dir='ltr'>exurebant.</span> 
     </span>
     <span class='ocr_line' id='line_1_32' title="bbox 154 2335 1628 2412; baseline 0 -27"><span class='ocrx_word' id='word_1_210' title='bbox 154 2348 168 2375; x_wconf 90' lang='lat'><em>¹</em></span> <span class='ocrx_word' id='word_1_211' title='bbox 185 2347 201 2373; x_wconf 86' lang='lat'>¹</span> <span class='ocrx_word' id='word_1_212' title='bbox 320 2337 423 2385; x_wconf 88' lang='lat' dir='ltr'>Sed</span> <span class='ocrx_word' id='word_1_213' title='bbox 444 2354 557 2382; x_wconf 88' lang='lat' dir='ltr'>cum</span> <span class='ocrx_word' id='word_1_214' title='bbox 576 2336 694 2383; x_wconf 85' lang='lat' dir='ltr'>haec</span> <span class='ocrx_word' id='word_1_215' title='bbox 713 2336 778 2383; x_wconf 90' lang='lat' dir='ltr'>ita</span> <span class='ocrx_word' id='word_1_216' title='bbox 790 2335 967 2412; x_wconf 72' lang='lat' dir='ltr'>.‘³ff⁰²¹¹²⁷</span> <span class='ocrx_word' id='word_1_217' title='bbox 999 2335 1325 2399; x_wconf 83' lang='lat' dir='ltr'>caderentque</span> <span class='ocrx_word' id='word_1_218' title='bbox 1348 2336 1628 2385; x_wconf 85' lang='lat' dir='ltr'>altrinsecus</span> 
     </span>
     <span class='ocr_line' id='line_1_33' title="bbox 220 2404 1631 2472; baseline -0.001 -19"><span class='ocrx_word' id='word_1_219' title='bbox 220 2407 387 2466; x_wconf 77' lang='lat' dir='ltr'>multi,</span> <span class='ocrx_word' id='word_1_220' title='bbox 426 2404 661 2452; x_wconf 85' lang='lat' dir='ltr'>atdebant</span> <span class='ocrx_word' id='word_1_221' title='bbox 675 2404 826 2467; x_wconf 85' lang='lat' dir='ltr'>magis</span> <span class='ocrx_word' id='word_1_222' title='bbox 856 2419 1217 2472; x_wconf 73' lang='lat' dir='ltr'>oppugnatoies</span> <span class='ocrx_word' id='word_1_223' title='bbox 1240 2405 1446 2455; x_wconf 85' lang='lat' dir='ltr'>naturali</span> <span class='ocrx_word' id='word_1_224' title='bbox 1470 2406 1561 2452; x_wconf 89' lang='lat' dir='ltr'>litu</span> <span class='ocrx_word' id='word_1_225' title='bbox 1574 2421 1631 2454; x_wconf 87' lang='lat' dir='ltr'>et</span> 
     </span>
     <span class='ocr_line' id='line_1_34' title="bbox 221 2467 1629 2538; baseline -0.001 -16"><span class='ocrx_word' id='word_1_226' title='bbox 221 2476 298 2522; x_wconf 79' lang='lat' dir='ltr'>in‘¹</span> <span class='ocrx_word' id='word_1_227' title='bbox 277 2476 406 2534; x_wconf 52' lang='lat' dir='ltr'>„enti</span> <span class='ocrx_word' id='word_1_228' title='bbox 431 2491 578 2538; x_wconf 75' lang='lat' dir='ltr'>opeie</span> <span class='ocrx_word' id='word_1_229' title='bbox 604 2472 846 2521; x_wconf 84' lang='lat' dir='ltr'>munitum</span> <span class='ocrx_word' id='word_1_230' title='bbox 869 2467 1115 2538; x_wconf 84' lang='lat' dir='ltr'>oppidum</span> <span class='ocrx_word' id='word_1_231' title='bbox 1128 2488 1235 2520; x_wconf 88' lang='lat' dir='ltr'>ante</span> <span class='ocrx_word' id='word_1_232' title='bbox 1257 2474 1476 2521; x_wconf 71' lang='lat' dir='ltr'>brumale</span> <span class='ocrx_word' id='word_1_233' title='bbox 1499 2474 1629 2522; x_wconf 79' lang='lat' dir='ltr'>fidus</span> 
     </span>
    </p>
   </div>
   <div class='ocr_carea' id='block_1_5' title="bbox 224 2540 1670 2608">
    <p class='ocr_par' dir='ltr' id='par_1_5' title="bbox 224 2540 1670 2608">
     <span class='ocr_line' id='line_1_35' title="bbox 224 2540 1670 2608; baseline 0.001 -17"><span class='ocrx_word' id='word_1_234' title='bbox 224 2542 528 2605; x_wconf 74' lang='lat' dir='ltr'>exscindeie,</span> <span class='ocrx_word' id='word_1_235' title='bbox 582 2542 769 2590; x_wconf 86' lang='lat' dir='ltr'>rabiem</span> <span class='ocrx_word' id='word_1_236' title='bbox 805 2542 929 2606; x_wconf 75' lang='lat' dir='ltr'>legis</span> <span class='ocrx_word' id='word_1_237' title='bbox 963 2561 1062 2589; x_wconf 89' lang='lat' dir='ltr'>non</span> <span class='ocrx_word' id='word_1_238' title='bbox 1095 2556 1203 2589; x_wconf 88' lang='lat' dir='ltr'>ante</span> <span class='ocrx_word' id='word_1_239' title='bbox 1231 2540 1387 2590; x_wconf 83' lang='lat' dir='ltr'>sedari</span> <span class='ocrx_word' id='word_1_240' title='bbox 1416 2544 1454 2608; x_wconf 84' lang='lat'>⁷)</span> <span class='ocrx_word' id='word_1_241' title='bbox 1502 2544 1630 2606; x_wconf 71' lang='lat' dir='ltr'>polle</span> <span class='ocrx_word' id='word_1_242' title='bbox 1667 2567 1670 2571; x_wconf 93' lang='lat'>·</span> 
     </span>
    </p>
   </div>
   <div class='ocr_carea' id='block_1_6' title="bbox 226 2611 1629 2675">
    <p class='ocr_par' dir='ltr' id='par_1_6' title="bbox 226 2611 1629 2675">
     <span class='ocr_line' id='line_1_36' title="bbox 226 2611 1629 2675; baseline 0.001 -17"><span class='ocrx_word' id='word_1_243' title='bbox 226 2613 490 2660; x_wconf 70' lang='lat' dir='ltr'>crcthntes</span> <span class='ocrx_word' id='word_1_244' title='bbox 588 2611 835 2670; x_wconf 79' lang='lat' dir='ltr'>Quocilca</span> <span class='ocrx_word' id='word_1_245' title='bbox 880 2629 969 2659; x_wconf 91' lang='lat' dir='ltr'>nec</span> <span class='ocrx_word' id='word_1_246' title='bbox 1014 2612 1167 2658; x_wconf 85' lang='lat' dir='ltr'>multa</span> <span class='ocrx_word' id='word_1_247' title='bbox 1211 2611 1399 2658; x_wconf 88' lang='lat' dir='ltr'>cruoris</span> <span class='ocrx_word' id='word_1_248' title='bbox 1446 2612 1629 2675; x_wconf 84' lang='lat' dir='ltr'>efl&#39;ulio,</span> 
     </span>
    </p>
   </div>
   <div class='ocr_carea' id='block_1_7' title="bbox 221 2724 499 2733">
    <p class='ocr_par' dir='ltr' id='par_1_7' title="bbox 221 2724 499 2733">
     <span class='ocr_line' id='line_1_37' title="bbox 221 2724 499 2733; baseline 0.004 -3"><span class='ocrx_word' id='word_1_249' title='bbox 221 2724 499 2733; x_wconf 46' lang='lat' dir='ltr'>...mm—Q</span> 
     </span>
    </p>
   </div>
   <div class='ocr_carea' id='block_1_8' title="bbox 514 2723 780 2730">
    <p class='ocr_par' dir='ltr' id='par_1_8' title="bbox 514 2723 780 2730">
     <span class='ocr_line' id='line_1_38' title="bbox 514 2723 780 2730; baseline 0 414"><span class='ocrx_word' id='word_1_250' title='bbox 514 2723 780 2730; x_wconf 95' lang='lat' dir='ltr'> </span> 
     </span>
    </p>
   </div>
   <div class='ocr_carea' id='block_1_9' title="bbox 273 2770 1526 2822">
    <p class='ocr_par' dir='ltr' id='par_1_9' title="bbox 273 2770 1526 2822">
     <span class='ocr_line' id='line_1_39' title="bbox 273 2770 1526 2822; baseline 0.001 -15"><span class='ocrx_word' id='word_1_251' title='bbox 273 2782 310 2818; x_wconf 66' lang='lat'>5)</span> <span class='ocrx_word' id='word_1_252' title='bbox 344 2772 471 2810; x_wconf 56' lang='lat' dir='ltr'>tio-&lt;sust</span> <span class='ocrx_word' id='word_1_253' title='bbox 499 2773 567 2811; x_wconf 62' lang='lat'><strong>331⁸.</strong></span> <span class='ocrx_word' id='word_1_254' title='bbox 611 2777 644 2822; x_wconf 59' lang='lat'>6,</span> <span class='ocrx_word' id='word_1_255' title='bbox 674 2773 742 2811; x_wconf 55' lang='lat' dir='ltr'>suls.</span> <span class='ocrx_word' id='word_1_256' title='bbox 774 2772 1036 2809; x_wconf 67' lang='lat' dir='ltr'>machinarum.</span> <span class='ocrx_word' id='word_1_257' title='bbox 1090 2772 1133 2821; x_wconf 86' lang='grc'>7)</span> <span class='ocrx_word' id='word_1_258' title='bbox 1163 2772 1207 2809; x_wconf 69' lang='lat' dir='ltr'>td</span> <span class='ocrx_word' id='word_1_259' title='bbox 1230 2771 1330 2820; x_wconf 68' lang='lat' dir='ltr'>fqffe</span> <span class='ocrx_word' id='word_1_260' title='bbox 1358 2770 1454 2808; x_wconf 75' lang='lat' dir='ltr'>deest</span> <span class='ocrx_word' id='word_1_261' title='bbox 1481 2773 1526 2808; x_wconf 83' lang='lat' dir='ltr'>al.</span> 
     </span>
    </p>
   </div>
  </div>
 </body>
</html>
