1727 3144
215 187 314 246 298
453 199 722 233 Animum
758 199 1156 231 ›tm-tentum
1187 200 1323 245 xxxx,
1390 188 1466 231 14.

211 310 517 361 mulierculis
536 310 817 358 laetabatur.
890 309 953 356 Et
973 328 1270 374 quamquam
1295 309 1372 357 his
1403 309 1620 374 paribus-

214 398 310 445 que
341 379 402 428 de
434 379 586 427 caulis
613 378 971 442 indignaretur,
1018 393 1182 426 tacens
1214 393 1375 426 tamen
1414 393 1625 426 motum-

215 468 310 514 que
354 449 407 496 in
450 449 600 501 animi
639 449 849 496 retinens
893 447 1159 513 potestate,
1209 446 1460 496 sollemnia
1499 448 1622 496 cele·

217 518 407 566 brabat-

172 594 204 648 4
312 587 541 651 Denique
576 585 855 650 praestituto
887 583 1119 631 feriarum
1150 581 1230 631 die
1261 583 1452 632 Calium
1487 601 1627 631 mon-

214 669 314 705 tem
338 655 590 704 adscendit
610 652 937 713 nemorosum,
971 667 1018 700 et
1036 652 1177 701 tereti
1202 653 1391 700 ambitu
1408 653 1457 700 in
1481 652 1630 700 subli-

216 744 296 775 me
328 739 643 790 porrectum,
701 722 832 770 unde
873 721 1096 770 secundis
1137 722 1393 785 galliciniis
1435 722 1632 770 videtur

215 796 380 860 primo
400 794 512 842 solis
538 808 747 842 exortus.
824 792 1047 856 Cumque
1075 791 1184 838 Iovi
1205 792 1387 838 faceret
1423 809 1526 838 rem
1559 789 1632 836 di-

215 865 408 924 vinam,
447 877 647 927 repente
674 859 926 925 conspexit
961 859 1224 925 quemdam
1255 859 1396 907 humi
1428 859 1636 924 prostra-

217 949 348 993 tum,
399 932 609 997 supplici
653 948 774 978 voce
818 929 967 976 vitam
1009 943 1289 992 precantem
1337 942 1385 975 et
1420 928 1630 975 veniam.

218 1001 648 1065 Interrogantique
670 998 741 1056 ei,
774 998 860 1060 qui
883 996 1022 1052 effet,
1055 995 1338 1059 responsum
1368 996 1459 1054 est,
1491 996 1634 1043 Prae-

218 1069 419 1119 lidalem
442 1068 532 1115 ell'e
558 1065 881 1114 Theodotum
908 1063 1362 1126 Hierapolitanum:
1406 1065 1491 1128 qui
1523 1082 1635 1128 pro-

219 1140 401 1186 fectum
435 1155 460 1182 a
493 1135 691 1182 civitate
722 1131 803 1179 sua
841 1131 1175 1179 Constantium
1205 1132 1332 1180 inter
1362 1133 1633 1180 honoratos

221 1206 494 1264 deducens,
536 1200 782 1250 adulando
814 1200 1102 1247 deformiter
1131 1215 1381 1266 tamquam
1414 1203 1635 1249 futurum

219 1275 319 1323 fine
348 1273 600 1321 dubietate
629 1271 891 1330 victorem,
913 1269 1130 1331 orabat,
1180 1271 1414 1335 lacrymas
1447 1274 1636 1334 fingens

220 1359 270 1392 et
300 1343 563 1407 gemitum,
606 1354 660 1388 ut
692 1339 870 1388 Iuliani
900 1336 962 1384 ad
991 1355 1073 1384 eos
1104 1339 1320 1386 mitteret
1348 1353 1494 1405 caput
1532 1357 1638 1403 per-

221 1413 398 1462 duellis
419 1409 624 1474 ingrati,
660 1408 820 1473 specie
850 1407 960 1466 illa,
998 1425 1092 1471 qua
1126 1407 1398 1472 Magnentii
1431 1409 1640 1455 circnm-

178 1481 375 1530 5latum
398 1481 685 1528 meminerat
707 1477 999 1524 membrum.
1073 1476 1266 1533 Quibus
1299 1475 1505 1538 auditis,
1544 1479 1638 1525 Ae.

222 1552 329 1616 cepi
348 1553 491 1608 olim,
526 1547 713 1614 inquit,
759 1548 796 1612 ¹)
821 1549 907 1593 hoc
926 1547 1110 1593 dictam
1126 1582 1139 1602 ‚
1183 1546 1472 1611 imperator,
1512 1549 1639 1593 rela-

222 1623 354 1668 tione
387 1621 650 1665 multorum
663 1635 677 1663 .·
702 1619 801 1680 fed
832 1616 916 1663 abi
933 1617 1135 1676 securus
1168 1619 1240 1661 ad
1279 1618 1435 1673 lares,
1470 1625 1638 1662 exutas

224 1690 359 1736 omni
392 1697 522 1734 metu
552 1687 810 1733 clementia
830 1686 1104 1748 principis,
1157 1686 1265 1747 qai,
1315 1695 1367 1731 ιιι
1398 1689 1641 1748 prudens,

223 1758 446 1817 definivit
460 1792 475 1813 ,
511 1757 826 1802 inimicorum
844 1755 1064 1801 minuere
1096 1770 1397 1810 nameram‚'
1423 1773 1642 1819 augere-—

223 1844 316 1890 que
333 1828 608 1872 amicorum
611 1827 790 1887 sponte
794 1827 894 1886 sua
914 1825 1158 1870 contendit
1176 1841 1237 1870 ac
1258 1825 1419 1869 libens.

183 1899 213 1944 6
325 1893 449 1940 Exin
487 1893 529 1957 ²)
555 1892 800 1939 sacrorum
836 1891 1055 1954 perfecto
1097 1892 1195 1940 ritu
1237 1891 1471 1956 digreffo,
1525 1890 1641 1938 offe-

224 1976 397 2012 runtur
419 1960 622 2008 rectoris
648 1960 860 2023 Aegypti
889 1959 1090 2022 scripta,
1136 1961 1284 2023 Apim
1313 1962 1491 2006 bovem
1524 1977 1641 2023 ope-

223 2030 331 2080 rosa
360 2029 628 2096 quaelitum
656 2026 916 2085 industria,
961 2041 1123 2075 tamen
1153 2026 1259 2091 post
1280 2041 1470 2090 tempus
1507 2029 1640 2076 inve-

225 2100 323 2148 niri
358 2097 566 2163 potuiffe
600 2094 862 2143 firmantis:
908 2093 1045 2157 quod
1083 2109 1138 2142 ut
1174 2112 1341 2142 earum
1381 2097 1637 2158 regionum

228 2167 507 2217 existimant
534 2166 747 2225 incolae,
788 2161 994 2210 faustum
1035 2177 1082 2212 et
1118 2164 1392 2212 ubertatem
1427 2166 1641 2230 frugum,

230 2235 518 2301 diversaque
545 2232 730 2280 indicat
751 2232 898 2279 bona.

188 2321 217 2365 7
328 2305 490 2367 Super
514 2321 609 2367 qua
636 2319 687 2350 re
719 2318 871 2365 pauca
899 2301 1157 2348 conveniet
1189 2300 1424 2366 expediri.
1505 2303 1642 2351 Inter

229 2373 454 2420 animalia
473 2370 684 2436 antiquis
705 2368 1124 2425 observationibus
1154 2369 1456 2430 consecrata,
1504 2371 1642 2419 Mue-

230 2442 302 2489 vis
325 2456 374 2490 et
399 2440 525 2505 Apis
543 2438 653 2487 sunt
671 2437 891 2486 notiora:
930 2436 1122 2486 Mnevis
1151 2439 1258 2487 Soli
1290 2438 1527 2500 sacratur,
1570 2439 1643 2486 su-

229 2528 318 2575 per
343 2528 442 2574 quo
464 2508 590 2556 nihil
625 2506 803 2555 dicitur
832 2507 1175 2556 memorabile:
1216 2506 1419 2572 sequens
1452 2508 1640 2556 Lunae.

230 2578 313 2625 Est
334 2579 464 2626 enim
488 2577 611 2642 Apis
638 2577 729 2624 bos
755 2575 953 2622 diverlis
974 2576 1257 2639 genitalium
1278 2589 1501 2624 notarum
1522 2578 1645 2640 sigu-

234 2646 298 2693 ris
320 2645 587 2712 express'us,
618 2644 919 2708 maximeque
950 2645 1170 2693 omnium
1198 2645 1543 2693 corniculantis
1574 2647 1644 2693 lu·

285 2814 318 2850 r)
342 2807 410 2843 ΜΓ.
443 2808 580 2845 dicrum
608 2811 804 2858 Imperator
824 2807 1011 2845 relatione.
1061 2808 1097 2853 2)
1127 2804 1196 2842 Ms.
1225 2815 1422 2842 vectorum.
