1727 3144
194 153 309 200 4550
438 165 721 199 Amnum
766 164 1152 198 mucetum
1195 165 1332 211 mv,
1370 165 1417 197 2.

206 275 643 325 limili'subfodiss'e.
717 275 817 324 Sed
837 272 958 322 fides
987 288 1182 339 recepta
1209 273 1616 341 scriptorum-ve}

140 361 191 405 17
212 362 368 396 terum
398 364 562 394 recens
594 347 774 393 factum
807 342 1042 392 defendit.
1139 344 1442 392 Aemilianus
1483 345 1615 393 enim

207 416 444 466 testudine
469 415 661 480 lapidea
684 416 733 479 ¹¹)
756 428 932 461 tectam
959 412 1243 461 success'erat
1272 428 1489 479 portam,
1525 413 1614 463 sub

207 504 304 552 qua
334 499 461 535 tutus
485 499 532 532 et
549 486 724 545 latens,
761 483 879 531 dum
901 483 1053 531 moles
1081 482 1239 530 saxeas
1263 483 1496 547 detegunt
1527 482 1618 530 ho-

205 555 319 616 stes,
351 556 525 602 urbem
551 553 782 600 nudatam
815 553 1015 618 irrupit:
1057 552 1275 600 Iulianus
1305 569 1422 600 vero
1449 553 1617 600 locum

205 638 454 688 patentem
515 624 573 688 ¹²)
611 620 878 687 adgressus,
956 623 1248 669 obumbrata
1310 621 1434 669 caeli
1493 620 1617 668 facie

204 690 486 756 fragmentis
519 693 763 740 montium
800 704 848 739 et
882 689 1167 749 miffilibus,
1217 707 1358 754 aegre
1399 689 1618 754 repulsus

208 761 445 809 abscessit.
797 782 799 784 ·

134 830 186 874 13
308 830 398 877 His
422 830 598 894 raptim
623 848 677 876 ac
704 825 1018 875 tumultuarie
1046 824 1260 890 agitatis,
1303 843 1416 872 cum
1446 842 1623 890 opero·

202 898 310 947 [itas
341 900 590 947 vinearum
622 912 668 944 et
705 914 935 960 aggerum
969 892 1332 959 impeditiffiina
1362 912 1389 940 a·
1416 894 1618 941 caeteris

203 969 820 1032 urgentibuscerneretur:
865 963 1165 1025 machinam,
1213 981 1334 1027 quae
1365 962 1620 1027 cognomi·-¹

203 1052 347 1084 natur
379 1034 657 1098 Helepolis,
706 1031 838 1079 iusfit
882 1030 1154 1094 expeditius
1203 1032 1460 1079 fabricari:
1504 1049 1618 1096 qua,

204 1119 260 1152 ut
279 1103 419 1167 supra
445 1102 729 1163 docuimus,
759 1100 813 1163 ¹³)
838 1116 924 1146 rex
944 1097 1056 1144 usus
1085 1100 1390 1162 Demetrius,
1427 1100 1621 1165 supera-

137 1200 187 1242 19
204 1175 264 1220 tis
287 1171 485 1236 oppidis
507 1170 729 1234 pluribus
752 1167 1053 1214 Poliorcetes
1075 1167 1340 1231 adpellatus
1363 1169 1453 1218 cst.
1535 1168 1619 1217 Ad

204 1242 333 1290 hanc
360 1242 541 1288 molem
562 1240 808 1302 ingentem
824 1273 836 1296 ‚
886 1236 1220 1300 superaturam
1255 1235 1491 1284 celsarum
1512 1232 1620 1285 *tur-

207 1311 333 1358 rium
359 1310 512 1356 minas
528 1345 541 1369 ⁷
572 1307 903 1372 prohibitores
926 1306 1183 1352 oculorum
1207 1305 1363 1353 aciem
1388 1306 1620 1355 intentius

209 1380 543 1438 conferentes,
609 1375 882 1439 itidemque
933 1373 1223 1421 «instantiam
1291 1374 1621 1424 obfidentium.

206 1447 579 1513 perpensantes,
617 1444 777 1492 subito
800 1456 1052 1491 vertuntur
1085 1444 1146 1490 ad
1178 1440 1374 1508 preces:
1416 1445 1625 1494 circum-

206 1518 398 1582 sufique
421 1535 507 1581 per
522 1530 684 1566 turres
706 1533 760 1561 ac
783 1513 1033 1560 moenium
1054 1514 1235 1570 minas,
1273 1528 1321 1561 et
1340 1513 1491 1561 fidem
1529 1513 1624 1561 Ro-

206 1604 400 1634 manam
424 1584 578 1650 panfis
598 1584 821 1630 manibus
848 1581 1183 1645 protestantes,
1218 1583 1366 1629 vitam
1399 1592 1519 1631 cum'
1544 1601 1624 1632 ve-

138 1684 192 1710 20
210 1657 289 1701 nia
313 1655 635 1718 postulabant.
709 1654 930 1715 Cumque
953 1649 1139 1698 cess'affe
1162 1653 1219 1715 ¹⁴)
1244 1669 1416 1715 opera,
1448 1666 1496 1700 et
1520 1671 1624 1712 muy-

210 1725 394 1793 nitores
411 1724 537 1768 nihil
560 1735 741 1769 tentare
764 1719 985 1767 viderent
1003 1720 1231 1780 ulterius,
1271 1721 1409 1785 quod
1442 1721 1620 1785 quietis

213 1806 314 1839 erat
335 1790 575 1838 indicium
601 1805 816 1839 certum:
851 1789 1045 1852 copiam
1074 1788 1165 1835 fibi
1199 1789 1302 1836 dari
1332 1789 1622 1838 conferendi

137 1892 187 1919 21
210 1860 448 1909 sermonis
475 1878 589 1906 cum
620 1857 884 1906 Hormisda
918 1857 1197 1921 poscebant.
1293 1858 1503 1924 Hocque
1534 1859 1624 1906 im-

212 1942 427 1994 petrato,
482 1926 796 1973 Mamm-fides
841 1926 1190 1989 praefidiorum
1227 1928 1499 1989 praefectus
1541 1926 1623 1975 de-

212 1997 377 2046 miffus
413 2013 497 2060 per
525 1996 716 2054 funem,
767 1995 817 2058 ¹⁵)
851 1993 1122 2057 ductusque
1158 1993 1220 2039 ad
1247 1994 1618 2058 Imperatore-in,

211 2065 268 2115 ut
288 2064 584 2123 obsecravit,
619 2063 715 2110 vita
735 2080 847 2108 cum
872 2062 1161 2125 impunitate
1182 2061 1270 2108 fibi
1291 2062 1621 2112 consortibus.

213 2153 309 2201 que
339 2134 434 2181 suis
460 2132 667 2179 firmiter
693 2145 856 2195 pacta,
896 2129 1052 2178 redire
1083 2130 1339 2195 permissiis·
1365 2133 1445 2180 eft.
1525 2134 1622 2182 Ge-

211 2205 390 2269 stisque
421 2200 678 2261 nuntiatis,
730 2201 865 2264 plebs
899 2200 1055 2247 omnis
1090 2200 1343 2263 utriusque
1374 2201 1524 2251 sexu&
1554 2202 1617 2250 ad

211 2272 498 2321 sententiam
526 2269 659 2317 suam
693 2269 879 2316 cunctis
921 2269 1157 2332 accepti5‚
1210 2286 1330 2332 pace
1370 2269 1618 2319 foederata

211 2362 329 2391 cum·
360 2339 653 2405 religionum
694 2336 1140 2387 consecrationibus
1179 2335 1317 2399 fidis,
1363 2340 1617 2404 patefactis

148 2418 159 2428 ⁸
212 2409 460 2482 egreditur
493 2408 671 2478 portis,
721 2406 976 2456 salutarem
1013 2406 1211 2471 genium
1253 2405 1490 2455 adfulfiss'e
1526 2407 1617 2454 fibi

138 2524 195 2555 22
213 2487 462 2534 clamitans
490 2479 739 2530 Caesarem
761 2495 989 2541 magnum
1020 2490 1067 2524 et
1093 2477 1266 2524 lenem.
1351 2476 1617 2524 Numerata

213 2556 323 2604 sunt
355 2567 519 2601 autem
550 2546 897 2614 dediticiorum
925 2545 1024 2595 duo
1061 2545 1215 2594 millia
1247 2558 1294 2593 et
1333 2545 1613 2610 quingenti:

262 2742 324 2785 ιι)
363 2741 413 2774 al.
448 2748 573 2774 tectus.
644 2737 706 2780 12)
739 2737 789 2769 al.
826 2729 1009 2780 ingressus.
1076 2734 1131 2775 ιδ)
1161 2729 1229 2767 ΜΓ.
1258 2729 1308 2767 est
1334 2728 1416 2765 usus
1449 2729 1610 2765 Demetr.

215 2795 270 2834 14)
294 2786 361 2822 ΜΓ.
392 2798 539 2833 operam
569 2793 603 2819 et
626 2783 818 2818 venitote&
879 2786 934 2827 ¹5)
959 2779 1011 2815 al.
1051 2779 1312 2826 deductusque.
