1727 3144
213 210 643 247 constan-nus
677 210 754 244 ET
790 209 1112 243 mmanus.
1183 197 1300 257 559.
1394 196 1487 242 185

73 335 174 371 arte
206 322 338 389 Galli
365 336 560 387 portam
582 340 737 388 prope
758 320 972 370 confinia
995 320 1120 368 lucis
1142 318 1375 367 introiere
1400 320 1491 367 mi-

71 405 194 438 nuto
229 409 435 439 numero
451 429 464 452 ,
506 390 707 456 quidam
735 390 1008 457 perniciose
1024 427 1036 450 ,
1065 408 1175 454 pars
1196 387 1367 436 leviter
1387 388 1491 434 vul-

73 461 258 517 nerati,
297 460 664 526 quadringentis
698 479 751 508 ea
772 475 916 509 nocte
938 458 1246 507 desideratis:
1285 456 1491 521 quinon

74 527 323 576 Rhoesum
338 567 350 590 ,
382 548 471 578 nec
491 530 762 577 cubitantes
784 548 874 594 pro
897 529 1048 576 muris
1074 527 1235 574 Iliacis
1253 524 1491 583 Thracas,

74 598 160 646 sed
195 597 450 646 Persarum
484 616 648 663 regem
690 612 990 649 armatorum
1032 612 1228 644 centum
1272 593 1492 641 millibus

76 665 509 731 circumsaeptum,
556 667 608 714 ni
639 666 893 714 obstitiss‘et
919 665 1184 714 violentior
1228 662 1389 723 casus,
1442 661 1493 707 in

76 734 189 800 ipsis
217 736 435 782 tentoriis
457 737 821 782 obtruncarant.
895 736 1086 782 Horum
1116 729 1494 798 campiductori-

77 804 197 865 bus,
227 817 282 850 ut
313 805 514 853 sortium
543 805 784 852 factorum
814 803 1162 869 antefignanis,
1196 802 1304 867 post
1331 799 1499 848 civita-

73 873 139 926 tis
173 872 442 931 excidium,
493 887 698 920 armatas
733 873 909 922 statuas
937 873 1070 938 apud
1100 871 1322 920 Edess‘am
1353 869 1404 915 in
1425 886 1497 915 re-

82 942 226 1006 gione
256 943 439 989 celebri
470 942 622 990 locari
653 938 849 993 iuss'erat
887 944 1190 1009 Imperator,
1261 956 1386 1009 quae
1434 935 1497 984 ad

78 1009 304 1077 praesens
326 1010 577 1059 servantur
601 1012 826 1059 intactae.

181 1079 393 1128 Retectis
414 1080 635 1146 sequenti
658 1081 766 1128 luce
791 1079 1066 1140 funeribus,
1099 1098 1213 1126 cum
1239 1078 1366 1125 inter
1392 1079 1495 1124 cae-

81 1144 247 1196 sorum
275 1148 510 1198 cadavera
542 1150 801 1214 optimates
832 1148 1168 1196 invenirentur
1198 1162 1246 1194 et
1264 1145 1498 1208 satrapae,

38 1241 46 1245 „
84 1217 138 1282 ¹¹)
165 1218 502 1283 clamoresque
524 1218 708 1267 dissoni
729 1220 974 1267 fortunam
998 1218 1140 1264 aliam
1162 1215 1281 1264 alibi
1300 1233 1413 1261 cum
1432 1213 1500 1259 la-

87 1286 572 1350 crymisindicabant,
589 1287 748 1334 luctus
766 1288 951 1350 ubique
973 1300 1020 1332 et
1043 1284 1315 1347 indignatio
1330 1300 1500 1345 regum

51 1399 59 1408 ,
89 1349 405 1412 audiebatur,
453 1355 820 1414 arbitrantium,
851 1373 938 1417 per
970 1354 1197 1400 stationes
1232 1351 1383 1398 muris
1418 1350 1503 1405 Qb-

88 1422 237 1470 iectas
259 1423 480 1487 irrupiffe
505 1424 751 1472 Romanos
771 1442 779 1468 :
810 1421 1114 1486 indutiisque
1136 1423 1200 1468 ob
1221 1421 1319 1481 hoc
1347 1417 1502 1466 tridui

74 1491 216 1539 datis
240 1490 441 1539 adsensu
466 1491 741 1552 communi,
771 1509 861 1539 nos
890 1508 1086 1555 quoque
1114 1490 1323 1555 spatium
1351 1487 1414 1535 ad
1433 1504 1504 1535 re·

88 1559 372 1625 spirandum
414 1560 704 1625 accepimus.

198 1631 315 1678 VII.
352 1629 605 1677 Perculsae
639 1627 818 1675 deinde
841 1624 1057 1673 novitate
1082 1625 1152 1672 rei
1185 1624 1505 1688 efferataeque

94 1713 289 1764 gentes,
339 1697 504 1746 omifl'a
545 1697 680 1744 omni
708 1696 1050 1755 cunctatione,
1089 1693 1337 1758 operibus,
1371 1709 1507 1756 quo-

94 1769 227 1815 niam
249 1769 324 1816 vis
347 1767 546 1814 minime
567 1765 903 1830 procedebat,
928 1763 1191 1811 decernere
1213 1762 1309 1808 iam
1332 1760 1507 1808 oense-

95 1839 215 1885 bant
233 1857 241 1884 ;
260 1834 318 1884 ⁴et
341 1836 539 1884 concito
565 1850 781 1884 extremo
805 1834 924 1882 belli
946 1831 1148 1897 ardore,
1208 1847 1376 1881 omnes
1410 1847 1510 1894 op·-

94 1920 262 1972 petere
297 1904 504 1969 gloriose
537 1905 634 1954 iam
666 1904 1024 1970 properabant,
1087 1914 1169 1950 aut
1206 1899 1345 1948 ruina
1371 1899 1508 1945 urbis

98 1975 270 2023 animis
290 1974 440 2022 litass'e
462 1972 728 2022 caesorum.

207 2044 407 2109 Iamque
438 2043 670 2108 adparatu
690 2054 981 2090 cunctorum
1010 2038 1251 2086 alacritate
1272 2037 1511 2103 perl'ecto,

98 2111 344 2160 exsiliente
368 2113 600 2177 lucifero,
637 2129 843 2176 operum
866 2107 1025 2157 variae
1047 2107 1230 2173 species
1258 2126 1370 2154 cum
1403 2120 1514 2152 tur--

103 2182 237 2228 ribus
261 2181 451 2228 serratis
475 2181 889 2229 admovebantur:
933 2195 1144 2241 quorum
1169 2177 1218 2223 in
1251 2174 1513 2224 verticibus

105 2250 238 2298 cellis
263 2264 451 2315 aptatae
486 2249 700 2298 ballistae
731 2261 1119 2315 propugnatores
1147 2245 1378 2309 agitantes
1412 2241 1515 2288 liu-—

105 2319 270 2366 milius
303 2318 637 2366 disiectabant.
712 2318 775 2366 Et
805 2316 1078 2364 albescente
1102 2315 1199 2361 iam
1229 2313 1331 2372 die,
1362 2311 1514 2357 ferrea

108 2389 408 2436 munimenta
443 2387 779 2435 membrorum
818 2386 1007 2434 caelum
1050 2400 1194 2432 omne
1229 2380 1515 2428 subtexunt:

112 2455 470 2522 donlitataeque
497 2457 622 2503 acies
656 2474 756 2503 non
783 2452 1100 2502 inordinatim
1128 2466 1183 2498 ut
1224 2463 1386 2507 antea,
1430 2445 1516 2495 sed

0 2563 8 3004 ι
32 2572 35 2575 s
112 2527 363 2573 turbarum
391 2525 553 2573 sonitu
581 2524 680 2573 leni
714 2525 968 2583 ductante,
1014 2520 1158 2567 nullis
1184 2516 1522 2582 procursanti-

112 2595 203 2641 bus
234 2594 555 2654 incedebant,
622 2593 958 2640 machinarum
1002 2588 1160 2654 operti
1202 2586 1517 2651 tegminibus,

115 2677 365 2729 cratesque
397 2663 630 2712 vimineas
660 2659 1047 2727 praetendentes.
1137 2657 1360 2722 Cumque
1396 2671 1519 2722 pro-

167 2829 223 2875 ¹1)
249 2825 316 2862 Ms-
340 2825 586 2873 clamore-que
606 2825 753 2863 dissoni,

1518 743 1571 772 12

1522 1071 1574 1115 13

1530 2054 1559 2082 2

1531 2317 1561 2361 5

1537 2660 1568 2715 s?
