1727 3144
192 132 289 188 470
440 142 706 176 ΑΜΜΙΑΝῙ
748 141 1138 185 MARCELLJNI
1173 142 1357 189 xxvlu,
1402 144 1442 172 1.

191 252 466 300 hortaretur
495 252 657 316 paffim
681 254 957 314 nominare,
1004 269 1126 317 quos
1161 252 1364 313 vellent,
1415 251 1603 300 adiecta

196 321 429 385 religione
457 323 694 382 firmarat,
743 322 933 369 nullum
959 321 1061 385 igni
1091 321 1167 368 vel
1198 322 1326 368 ferro
1358 320 1406 369 se
1439 321 1604 385 puniri.
1652 318 1657 325 A

147 449 149 452 Ι
196 388 455 451 iussurum,
513 391 700 455 plumbi
746 389 926 440 validisv
958 390 1136 437 ictibus
1183 389 1443 438 interemit.
1542 390 1606 437 Et

150 453 151 456 Ἴ
198 458 305 522 post
349 459 464 505 haec
506 460 713 505 flammis
757 458 1072 524 Campensem
1114 458 1420 522 haruspicem
1447 457 1605 522 dedit,

199 528 253 574 in
275 527 473 591 negotio
496 527 596 574 eins
617 529 751 575 nullo
775 526 1075 575 sacramento
1097 527 1399 575 constrictus.

129 594 187 637 30
302 596 652 660 Opportunum
685 597 774 658 est,
815 611 870 662 ut
904 597 1139 658 arbitror,
1193 598 1446 660 explanare
1478 614 1608 645 nunc

202 665 417 725 causam,
459 683 581 729 quae
619 665 681 713 ad
720 666 920 714 exitium
963 666 1278 730 praecipitem
1306 665 1612 730 jAginatium

202 734 420 798 impulit,
463 734 556 780 iam
583 734 698 782 inde
723 753 748 781 a
780 733 946 798 priscis
974 734 1241 782 maioribus
1273 735 1518 796 nobilem,
1557 748 1614 782 ut

204 803 408 866 loquuta
442 803 505 850 est
535 803 832 867 pertinacior
860 804 1014 850 fama:
1060 820 1148 853 nec
1180 804 1306 850 enim
1343 804 1484 867 super
1515 804 1612 850 hoc

133 872 185 916 51
209 872 300 918 ulla
336 872 744 918 documentorum
773 886 873 919 iata
912 872 977 919 est
1005 870 1142 919 fides
1212 872 1463 919 Anhelans
1496 875 1625 919 ssatu-

206 939 416 1003 superbo
440 925 749 999 Maximinus,
784 939 929 986 etiam
950 954 1054 986 tum
1075 941 1347 1003 praefectus
1377 958 1614 1003 annonae,

206 1022 472 1071 nactusque
499 1007 760 1054 audaciae
751 1008 1062 1054 incitamenta
1087 1026 1184 1064 non
1206 1010 1355 1070 levia,
1385 1010 1618 1057 tendebat

208 1075 424 1140 adusque
441 1075 592 1122 Probi
612 1091 967 1139 contemptum,
982 1075 1054 1124 vii
1058 1076 1073 1121 i
1092 1075 1382 1125 summatum
1396 1078 1618 1126 omnium

208 1163 429 1204 maxum,
466 1144 670 1208 iureque
700 1146 1030 1209 praefecturae
1057 1146 1387 1209 praetorianae
1410 1147 1618 1210 regentis

133 1220 189 1263 32
209 1180 500 1277 provincias.
593 1213 744 1278 Quod
785 1214 1038 1278 Aginatius
1077 1213 1400 1277 indignillime
1444 1216 1620 1277 ferens,

211 1281 481 1346 dolensque
529 1281 580 1328 in
623 1282 953 1331 examinandis
1000 1282 1150 1330 causis
1186 1250 1515 1340 iiliaximinum
1559 1285 1622 1332 ab

212 1350 419 1415 Olybrio
440 1349 530 1397 [ibi
555 1354 821 1414 praelatum
837 1390 850 1413 ,
885 1371 997 1399 cum
1022 1352 1134 1399 ess'et
1162 1351 1262 1416 ipse
1286 1352 1508 1400 vicarias
1529 1353 1623 1401 Ro-

210 1438 347 1467 mae:
401 1419 629 1467 familiari
677 1420 897 1469 sermone
940 1420 1111 1468 docuit
1148 1421 1367 1469 Probum
1413 1423 1622 1484 occulte,

212 1488 359 1536 facile
396 1506 575 1536 vanum
613 1490 865 1538 hominem
903 1489 1289 1537 recalcitrantem
1331 1489 1623 1538 sublimibus

138 1563 196 1607 33
216 1557 399 1606 meritis
419 1557 550 1622 poffe
573 1559 803 1623 opprimi,
835 1558 870 1605 fi
893 1559 972 1606 ille
994 1559 1047 1605 id
1067 1558 1175 1606 fieri
1200 1558 1467 1607 censuilset.
1522 1559 1623 1606 Has

212 1626 421 1687 litteras,
456 1641 510 1673 ut
535 1627 736 1691 quidam
764 1627 1132 1688 adseverabant,
1175 1627 1361 1674 Probus
1384 1626 1446 1674 ad
1472 1627 1636 1687 Maxi-v

213 1695 427 1757 minum,
463 1695 783 1754 eruditiorem
815 1697 977 1744 iamin
1000 1696 1279 1758 sceleribus,
1314 1700 1627 1744 commenda·

213 1776 416 1827 tumque
444 1764 663 1830 PrinciPi
695 1763 1065 1829 pertimescens,
1110 1766 1243 1812 nullo
1273 1764 1469 1812 conscio
1492 1783 1628 1830 prae-

214 1844 288 1878 ter
310 1833 528 1878 baiulum
551 1833 692 1879 misit.
765 1835 954 1899 Hisque
979 1834 1190 1881 recitatis
1218 1834 1282 1880 ita
1308 1834 1460 1882 homo
1495 1835 1626 1881 ferus

218 1899 411 1956 exarsit,
448 1914 501 1945 ut
532 1897 779 1948 machinas
826 1920 993 1950 omnes
1035 1903 1085 1948 in
1127 1902 1412 1966 Aginatium
1448 1902 1628 1950 deinde

219 1982 578 2016 commov:eiet
624 1971 758 2016 velut
780 1969 973 2032 serpens
1006 1971 1207 2017 vulneie
1237 1971 1342 2017 noti
1373 1971 1627 2033 cuiusdam

143 2035 201 2091 54
221 2035 440 2083 adu-itus.
508 2037 731 2096 ¹Accessit
762 2037 838 2083 his
869 2037 956 2082 alia
986 2037 1149 2101 potior
1178 2036 1459 2085 infidiarum
1481 2053 1630 2103 mate-

223 2104 320 2164 ria,
359 2123 481 2169 quae
504 2105 732 2153 eumdem
754 2105 1037 2167 Aginatium
1064 2106 1242 2152 obruit.
1314 2107 1626 2156 Victorinum

225 2174 354 2220 enim
391 2173 677 2221 defunctum
711 2173 1039 2235 inlimulabat,
1092 2187 1146 2220 ut
1178 2174 1434 2222 Maximini
1475 2191 1627 2238 actus,

228 2241 345 2288 dum
374 2242 647 2306 supererat,
688 2241 1043 2289 venditantem:
1087 2242 1223 2289 cuius
1256 2262 1310 2290 ex
1343 2244 1626 2293 testamento

223 2311 378 2373 legata
399 2311 499 2376 ipse
519 2310 784 2375 sumpserat
805 2329 902 2362 non
922 2309 1252 2374 adspernanda
1274 2331 1283 2359 1
1320 2313 1521 2377 parique
1548 2332 1630 2378 pe-

224 2380 427 2426 tulantia
449 2379 687 2444 Anepsiae
711 2397 905 2444 quoque
930 2379 1032 2426 eius
1057 2381 1197 2427 uxori
1220 2382 1328 2428 lites
1362 2383 1631 2428 minabatur

151 2450 209 2495 55
226 2462 272 2494 et
291 2448 366 2494 iur
370 2449 462 2511 ria.
548 2452 685 2515 Quae
716 2448 836 2509 haec
857 2462 1102 2509 metuens,
1132 2464 1184 2495 ut
1208 2450 1459 2498 Maximini
1482 2451 1628 2498 etiam

225 2517 496 2565 muniretui
544 2516 750 2578 auxilio,
814 2516 954 2564 finxit
1005 2519 1229 2565 maritum
1274 2520 1322 2565 in
1362 2519 1626 2581 voluntate,

225 2602 368 2647 quam
401 2585 692 2634 condiderat
723 2603 902 2650 nuper,
947 2604 1014 2631 ar
1000 2587 1130 2649 genti
1165 2589 1250 2634 tria
1282 2589 1429 2634 millia
1457 2588 1626 2651 pondo

222 2652 381 2700 eidem
404 2655 661 2720 reliquisse
737 2654 836 2711 Qui
856 2653 1084 2702 aviditate
1108 2657 1253 2703 nimia
1275 2660 1367 2720 flag
1356 2675 1477 2703 frans
1508 2659 1627 2720 (nec

222 2721 349 2767 enim
393 2723 488 2771 hoc
542 2740 740 2790 quoque
789 2722 909 2771 vitio
958 2725 1140 2789 caruit)
1184 2726 1306 2788 petit
1345 2725 1625 2776 hereditatis
