1727 3144
0 2613 12 3144 man—am«
0 2581 2 2583 “

195 134 677 168 VAL0GRAT1AN.
716 138 789 168 ET
824 137 1091 168 VALENT.
1126 139 1170 168 2.
1238 126 1358 185 577.
1439 127 1536 171 585

127 239 259 291 mina
282 241 460 292 cedens
480 244 682 310 vespero
711 247 840 294 dies:
879 260 925 294 et
950 246 1162 307 cunctis,
1200 266 1292 311 qua
1327 249 1532 314 quisquc

127 313 673 379 potuit,'iucompolite
712 315 1101 377 discedentibus,
1149 315 1322 364 relidui
1365 337 1532 366 omnes

125 395 354 446 repetunt
374 385 582 431 tentoria
611 384 855 433 tristiores.
941 384 1168 432 Humatis
1199 384 1410 450 denique
1446 406 1531 450 pro
1558 387 1607 429 16

124 449 351 498 locorum
382 467 429 507 et
463 454 698 519 temporis
731 455 918 502 ratione
947 453 1201 502 honoratis
1241 454 1535 520 quibusdam

125 518 255 567 inter
275 521 558 584 defunctos,
595 524 779 589 reliqua
801 536 1132 588 peremtorum
1159 541 1368 587 corpora
1403 522 1535 572 dirae

93 641 100 646 „
125 589 350 637 volucres
368 590 800 657 consumpserunt,
841 592 1063 641 adsuetae
1092 593 1177 638 illo
1206 606 1426 658 tempore
1460 611 1539 640 ca-

126 655 388 707 daveribus
425 660 601 726 pascis
623 676 678 708 ut
703 660 923 708 indicant
950 679 1080 707 nunc
1121 678 1274 724 usque
1315 663 1535 710 albentes

123 726 299 774 offihus
318 731 494 793 campi.
569 730 766 777 Constat
785 743 947 792 tamen
970 730 1020 774 in
1042 746 1246 775 numero
1276 732 1420 794 longe
1449 731 1538 777 mi-

122 812 242 842 nore
271 796 554 857 Romanos,
580 815 694 843 cum
725 813 780 843 ea
813 796 1014 861 copiosa
1045 797 1358 845 multitudine
1386 801 1539 845 collu-

119 876 302 925 ctatos‚
346 865 546 912 funerea
584 865 736 912 multa
776 865 1048 929 perpess‘os:
1095 882 1196 912 non
1238 880 1401 914 tamen
1437 866 1537 915 fine

123 930 362 979 deflendis
388 934 631 981 aerumnis
651 934 913 997 exagitasse„
924 929 1179 981 barbaram
1211 935 1427 997 plebem.

219 1002 365 1049 VIII.
415 1002 506 1049 His
534 1001 722 1049 cafihus
751 1003 1054 1067 proeliorum
1092 1004 1157 1050 ita
1188 1004 1408 1052 luctuose
1429 1005 1536 1051 fini-
1560 1024 1578 1050 1

121 1069 208 1130 tis,
241 1070 390 1117 nostri
413 1072 661 1134 proximos
687 1070 1115 1136 Marcianopoleos
1147 1072 1365 1135 petivere
1391 1072 1538 1120 seces-

119 1137 213 1185 sus.
285 1139 443 1187 Gothi
463 1140 588 1186 intra
611 1139 954 1188 vehiculorum
981 1142 1225 1188 anfractus
1255 1141 1427 1205 sponte
1455 1142 1537 1189 sua

120 1207 357 1269 contrusi,
394 1227 665 1273 numquam
686 1207 872 1256 exinde:
890 1226 977 1273 per
1015 1210 1118 1257 dies
1150 1207 1331 1272 septem
1369 1211 1538 1275 egredi

119 1277 199 1326 Vel
228 1276 386 1324 videri
422 1277 532 1324 sunt
562 1276 685 1324 anfi:
719 1277 934 1342 ideoque
961 1279 1382 1342 opportunitatem
1415 1281 1542 1326 mili-

119 1359 192 1392 tes
212 1346 371 1407 nacti,
403 1345 661 1394 immensas
679 1347 1136 1394 aliasbarbarorum
1170 1362 1385 1395 catervas
1411 1349 1540 1396 inter

120 1415 525 1463 Aemimontanas
541 1415 776 1479 angustias
791 1415 1066 1463 clauserunt
1087 1434 1314 1479 aggerum
1340 1419 1539 1465 obiectu

122 1483 388 1531 celsorum:
429 1485 522 1532 hac
556 1483 639 1548 spe
687 1485 945 1543 nimirum,
999 1500 1053 1530 ut
1082 1485 1208 1531 inter
1239 1485 1459 1533 Histrum
1492 1501 1540 1534 et

120 1551 411 1601 solitudines
432 1549 700 1617 perniciosa
721 1553 934 1600 hostium
967 1552 1233 1600 multitudo
1264 1571 1538 1619 compacta,

119 1622 658 1687 nullosquereperiens
694 1622 846 1668 exitus
879 1622 1059 1686 periret
1098 1622 1285 1683 inedia,
1351 1627 1540 1673 cunctis

119 1691 326 1737 utilibus
358 1691 422 1738 ad
446 1689 711 1739 vivendum
736 1691 786 1737 in
812 1692 1030 1738 civitates
1056 1692 1238 1739 validas
1265 1708 1542 1757 comporta-

122 1759 206 1805 tis:
253 1778 460 1824 quarum
489 1761 675 1807 nullam
705 1760 958 1808 etiamtum
993 1759 1347 1809 circumsedere
1376 1763 1543 1810 conati

122 1826 256 1888 sunt,
288 1828 480 1876 haec‘et
500 1828 673 1876 fimilia
695 1829 967 1877 machinari
989 1830 1185 1892 penitus
1209 1830 1501 1894 ignorantes.

224 1897 340 1944 Post
361 1916 483 1961 quae
507 1898 737 1962 repetivit
757 1898 939 1945 Gallias
963 1898 1309 1959 Richomeres,
1346 1901 1411 1945 ob
1440 1919 1537 1947 ma-
1560 1922 1587 1952 2

122 1965 280 2013 iorem
311 1967 618 2029 proeliorum
646 1966 920 2026 fremitum,
981 1966 1066 2029 qui
1097 1968 1132 2029 1)
1153 1967 1540 2029 exspectabatur,

121 2033 238 2082 inde
259 2034 554 2081 adminicula
577 2033 927 2098 perducturus.-
988 2032 1125 2081 Haec
1156 2036 1392 2082 Gratiano
1426 2055 1540 2099 qua-

121 2118 196 2149 ter
231 2116 278 2150 et
307 2101 615 2150 Merobaude
650 2101 932 2150 consulibus
971 2103 1266 2166 agebantur,
1315 2122 1444 2151 anno
1488 2109 1536 2151 in

123 2185 414 2217 autumnum
461 2185 706 2234 vergente.
790 2171 924 2219 lnter
969 2188 1091 2235 quae
1132 2172 1314 2219 Valens
1367 2173 1589 2223 audito-'3

122 2239 323 2304 lugubri
363 2239 608 2286 bellorum
652 2238 1085 2303 direptionumque
1120 2254 1323 2301 eventu,
1372 2242 1539 2289 Satur-

127 2311 318 2369 ninum,
352 2308 1107 2373 eqnestrisexercitusadtempus
1138 2327 1252 2355 cura
1275 2311 1540 2372 commill'a,

127 2377 373 2442 suppetias
423 2377 635 2424 Traiano
682 2377 919 2425 ferentem
973 2376 1098 2422 misit
1149 2390 1197 2424 et
1256 2377 1538 2427 Profuturo.

129 2448 378 2509 Forteque
419 2444 595 2493 iisdem
631 2445 801 2493 diebus
844 2464 931 2510 per
964 2445 1192 2510 Scythiae
1236 2447 1457 2510 regiones
1496 2451 1592 2506 etti

127 2514 344 2573 Mocfiae
375 2515 627 2576 omnibus,
670 2533 794 2580 quae
828 2528 1054 2580 poterant
1089 2514 1282 2576 mandi,
1318 2516 1542 2564 consum·

132 2585 256 2650 ptis,
312 2584 504 2631 feritate
550 2599 753 2648 urgente
798 2585 978 2652 pariter
1016 2596 1062 2631 et
1100 2583 1295 2648 inopia,
1346 2586 1542 2637 barbari

190 2757 230 2792 ι’.
261 2746 329 2782 Ms.
361 2746 597 2796 spectabatur.
