1727 3144
192 114 281 157 152
425 127 692 162 Α-ΜΜΙΑΝῙ
734 132 1116 164 MARCELLINI
1152 133 1289 176 xvm,
1335 133 1379 162 2.

193 235 313 300 quid
344 237 447 302 agi,
497 256 656 304 quove
691 241 750 288 iri
793 241 1020 303 deberet,
1072 242 1261 307 penitus
1303 242 1594 306 ignorantes.

133 306 257 353 ¹2Et
309 308 504 353 collecti
551 323 695 357 nocte
746 325 1001 375 provecta,
1059 311 1368 376 impolitique
1410 323 1596 370 omnes,

197 393 318 439 quos
342 376 546 424 lusoriae
569 397 712 427 naves
737 379 1082 444 quadraginta,
1118 398 1240 445 quae
1261 394 1377 427 tunc
1400 380 1599 427 aderant

197 444 351 506 solae,
411 462 670 510 ceperunt,
730 448 986 498 decurrere
1023 450 1253 497 iubentur
1290 467 1377 514 per
1416 451 1600 495 flumen

199 514 323 560 adeo
341 514 500 575 taciti,
535 531 588 562 ut
612 518 755 564 etiam
779 520 898 566 remi
928 518 1365 583 suspenderentur,
1405 536 1466 564 ne
1497 518 1603 562 bar-

199 584 342 629 baros
367 582 550 631 sonitus
573 587 805 635 excitaret
829 588 1096 637 undarum:
1134 603 1279 653 atque
1301 585 1476 634 mentis
1509 584 1607 648 agi-

198 652 333 698 litate
356 668 402 699 et
421 672 710 719 corporum,
745 656 862 705 dum
883 658 1041 705 hostes
1063 657 1337 705 nostrorum
1361 658 1495 719 ignes
1518 654 1607 701 ob-

202 720 415 781 servant,
445 722 668 771 adversas
690 744 1004 792 perrumpere
1026 728 1066 793 ⁹)
1096 727 1265 773 limitis
1290 725 1432 788 ripas.

143 785 196 826 ¹3
298 791 432 837 Dum
456 793 576 840 haec
597 796 892 859 celerantur,
923 795 1181 844 Hortarius
1202 813 1284 842 rex
1304 794 1446 840 nobis
1469 806 1609 839 antea

205 858 511 923 foederatus,
556 881 654 910 non
693 880 952 913 novaturus
990 864 1256 929 quaedam,
1308 861 1391 909 sed
1425 862 1608 907 amicus

205 927 424 975 finitimis
449 949 647 996 quoque
669 932 792 992 suis,
825 952 958 998 reges
988 952 1180 994 omnes,
1224 946 1271 980 et
1305 931 1512 995 regales,
1561 942 1609 976 et

207 998 399 1058 regulos
436 1000 499 1044 ad
529 1003 813 1048 convivium
855 1017 1137 1066 corrogatos
1178 1001 1401 1060 retinuit,
1453 998 1610 1063 epulis

207 1066 425 1129 adusque
482 1068 697 1130 vigiliam
726 1071 935 1117 tertiam
985 1071 1153 1134 gentili
1200 1087 1337 1116 more
1381 1068 1609 1115 extentis:

208 1150 332 1195 quos
362 1134 667 1184 discedentes
707 1137 850 1200 inde,
903 1137 1014 1185 casu
1054 1139 1202 1185 nostri
1242 1155 1301 1185 ex
1343 1134 1612 1200 improviso

207 1201 394 1264 adorti,
426 1222 517 1251 nec
541 1205 841 1268 interficere,
878 1225 967 1254 nec
990 1207 1239 1270 corripere
1260 1207 1363 1252 ullo
1393 1206 1451 1268 ¹0)
1473 1222 1614 1269 gene-

208 1287 258 1315 re
280 1285 574 1334 potuerunt,
604 1276 919 1323 tenebrarum
943 1271 1292 1340 equorumque*
1312 1273 1615 1331 adiumento,

210 1356 308 1402 quo
332 1339 509 1389 dubius
530 1342 742 1408 impetus
771 1343 909 1392 trufit
941 1346 1199 1408 abreptos:
1243 1343 1361 1389 lixas
1391 1359 1507 1389 vero
1541 1342 1615 1389 vel

208 1407 395 1471 l'ervos,
443 1413 528 1475 qui
562 1430 644 1460 eos
686 1411 895 1478 pedihus
940 1409 1294 1478 sequebantur,
1358 1410 1442 1457 nisi
1492 1428 1615 1474 quos

210 1478 388 1526 exemit
410 1479 691 1529 discrimine
719 1483 956 1546 temporis
983 1481 1276 1542 obscuritas,
1313 1479 1616 1528 occiderunt.

152 1549 207 1600 14
315 1547 525 1611 Cognito
549 1550 761 1615 denique
780 1551 1114 1598 Romanorum
1134 1551 1362 1609 transitu,
1395 1548 1482 1612 qui
1503 1562 1618 1595 tunc

209 1631 392 1677 perque
416 1617 750 1682 expeditiones
776 1620 1060 1683 praeteritas
1087 1619 1159 1665 ibi
1178 1618 1401 1666 levamen
1429 1617 1618 1664 sumere

208 1681 432 1731 laborum
462 1689 810 1750 opinabantur,
850 1689 938 1734 ubi
975 1687 1162 1736 hostem
1201 1687 1507 1750 contingeret
1548 1686 1619 1732 in-

210 1752 388 1800 veniri:
438 1757 645 1817 pereuni
677 1776 811 1821 reges
845 1775 1115 1822 eorumque
1145 1757 1346 1821 populi,
1389 1756 1475 1820 qui
1500 1772 1620 1819 pon-

212 1830 337 1879 tem,
370 1840 429 1868 ne
454 1823 739 1886 strueretur,
775 1825 935 1873 studio
960 1825 1212 1873 servabant
1232 1825 1446 1883 intento,
1486 1836 1619 1870 metu

213 1888 605 1940 exhorrescentes
632 1893 800 1941 diffuse
826 1909 1078 1941 vertuntur
1098 1895 1148 1940 in
1182 1892 1359 1956 pedes:
1402 1906 1449 1938 et
1479 1890 1620 1938 indo-

211 1956 334 2002 mito
377 1959 545 2008 surore
581 1960 776 2021 sedato,
839 1962 1208 2009 necessitudines
1256 1978 1474 2026 opesque
1512 1958 1616 2006 suas

212 2027 471 2076 transferre
502 2030 694 2094 longius
725 2030 1025 2077 festinabant.
1106 2030 1379 2093 Statimque
1414 2027 1618 2076 difficul-

212 2107 308 2141 tate
339 2099 473 2144 omni
514 2097 736 2163 depulsa,
794 2113 939 2162 ponte
983 2099 1261 2159 constrato,
1301 2097 1617 2144 sollicitarum

213 2164 429 2225 gentium
472 2168 703 2231 opinione
757 2181 1036 2231 praeventa,
1095 2167 1220 2213 visus
1260 2168 1310 2212 in
1359 2166 1617 2213 barbarico

156 2229 380 2296 15miles,
421 2254 506 2300 per
539 2237 758 2285 Hortarii
794 2254 937 2300 regna
972 2237 1207 2283 transibat
1238 2237 1431 2282 intacta.
1516 2234 1618 2283 vUbi

212 2319 328 2349 vero
384 2319 530 2353 terras
577 2306 858 2352 infestorum
897 2306 1041 2353 etiam
1081 2319 1186 2351 tuni
1232 2304 1391 2367 tetigit
1430 2321 1615 2367 regum,

212 2389 356 2419 urens
392 2376 554 2421 onmia
589 2376 877 2441 rapiensque
903 2392 987 2439 per
1011 2373 1230 2422 medium
1262 2373 1517 2420 rebellium
1544 2371 1618 2419 so-

210 2440 312 2486 lum
338 2442 630 2503 grasshbatur
656 2443 943 2507 intrepidus.

306 2511 514 2577 Postque
547 2512 838 2577 saepimenta
871 2512 1115 2573 fragilium
1149 2511 1395 2576 penatium
1433 2508 1618 2554 inflam-

214 2592 371 2639 mata,
438 2596 485 2628 et
539 2584 878 2629 obtruncatam
927 2581 1183 2629 hominum
1233 2578 1618 2635 multitudinem,

218 2689 246 2696 ι.

256 2742 292 2783 α)
319 2740 386 2775 Mt.
419 2743 561 2779 milites.
629 2752 683 2786 ιω)
712 2748 761 2782 al.
794 2746 916 2782 modo,
