<?xml version="1.0" encoding="UTF-8"?>
<!DOCTYPE html PUBLIC "-//W3C//DTD XHTML 1.0 Transitional//EN"
    "http://www.w3.org/TR/xhtml1/DTD/xhtml1-transitional.dtd">
<html xmlns="http://www.w3.org/1999/xhtml" xml:lang="en" lang="en">
 <head>
  <title>
</title>
<meta http-equiv="Content-Type" content="text/html;charset=utf-8" />
  <meta name='ocr-system' content='tesseract 3.04.00' />
  <meta name='ocr-capabilities' content='ocr_page ocr_carea ocr_par ocr_line ocrx_word'/>
</head>
<body>
  <div class='ocr_page' id='page_1' title='image "ammianimarcellin01ammiuoft_0860.png"; bbox 0 0 1727 3144; ppageno 0'>
   <div class='ocr_carea' id='block_1_1' title="bbox 198 142 1183 192">
    <p class='ocr_par' dir='ltr' id='par_1_1' title="bbox 198 142 1183 192">
     <span class='ocr_line' id='line_1_1' title="bbox 198 142 1183 192; baseline -0.011 -3"><span class='ocrx_word' id='word_1_1' title='bbox 198 142 296 189; x_wconf 78' lang='lat'><strong>(326</strong></span> <span class='ocrx_word' id='word_1_2' title='bbox 692 147 1183 192; x_wconf 48' lang='lat' dir='ltr'><strong>‚ExcERPTA</strong></span> 
     </span>
    </p>
   </div>
   <div class='ocr_carea' id='block_1_2' title="bbox 129 257 1700 1976">
    <p class='ocr_par' dir='ltr' id='par_1_2' title="bbox 129 257 1700 1976">
     <span class='ocr_line' id='line_1_2' title="bbox 198 257 1633 325; baseline -0.006 -11"><span class='ocrx_word' id='word_1_3' title='bbox 198 278 438 323; x_wconf 77' lang='lat' dir='ltr'><strong>cometes,</strong></span> <span class='ocrx_word' id='word_1_4' title='bbox 466 258 721 325; x_wconf 82' lang='lat' dir='ltr'><strong>splendens</strong></span> <span class='ocrx_word' id='word_1_5' title='bbox 740 275 827 321; x_wconf 90' lang='lat' dir='ltr'><strong>per</strong></span> <span class='ocrx_word' id='word_1_6' title='bbox 851 257 953 304; x_wconf 85' lang='lat' dir='ltr'><strong>dies</strong></span> <span class='ocrx_word' id='word_1_7' title='bbox 974 275 1051 304; x_wconf 84' lang='lat' dir='ltr'><strong>xv.</strong></span> <span class='ocrx_word' id='word_1_8' title='bbox 1075 271 1123 304; x_wconf 81' lang='lat' dir='ltr'><strong>et</strong></span> <span class='ocrx_word' id='word_1_9' title='bbox 1142 272 1298 306; x_wconf 80' lang='lat' dir='ltr'><strong>terrae</strong></span> <span class='ocrx_word' id='word_1_10' title='bbox 1318 273 1481 306; x_wconf 83' lang='lat' dir='ltr'><strong>motus</strong></span> <span class='ocrx_word' id='word_1_11' title='bbox 1508 260 1600 308; x_wconf 78' lang='lat' dir='ltr'><strong>fre·</strong></span> <span class='ocrx_word' id='word_1_12' title='bbox 1630 259 1633 261; x_wconf 65' lang='grc'><strong>’</strong></span> 
     </span>
     <span class='ocr_line' id='line_1_3' title="bbox 129 326 1603 401; baseline -0.005 -18"><span class='ocrx_word' id='word_1_13' title='bbox 129 340 186 391; x_wconf 78' lang='lat'><strong>85</strong></span> <span class='ocrx_word' id='word_1_14' title='bbox 202 348 406 401; x_wconf 85' lang='lat' dir='ltr'><strong>quenter</strong></span> <span class='ocrx_word' id='word_1_15' title='bbox 423 332 634 378; x_wconf 86' lang='lat' dir='ltr'><strong>fuerunt.</strong></span> <span class='ocrx_word' id='word_1_16' title='bbox 708 327 824 374; x_wconf 82' lang='lat' dir='ltr'><strong>Post</strong></span> <span class='ocrx_word' id='word_1_17' title='bbox 841 326 963 373; x_wconf 88' lang='lat' dir='ltr'><strong>haec</strong></span> <span class='ocrx_word' id='word_1_18' title='bbox 982 327 1147 391; x_wconf 84' lang='lat' dir='ltr'><strong>coepit</strong></span> <span class='ocrx_word' id='word_1_19' title='bbox 1172 327 1398 375; x_wconf 82' lang='lat' dir='ltr'><strong>adversus</strong></span> <span class='ocrx_word' id='word_1_20' title='bbox 1427 329 1603 376; x_wconf 85' lang='lat' dir='ltr'><strong>Roma-</strong></span> 
     </span>
     <span class='ocr_line' id='line_1_4' title="bbox 197 395 1603 463; baseline -0.01 -10"><span class='ocrx_word' id='word_1_21' title='bbox 197 423 287 453; x_wconf 87' lang='lat' dir='ltr'><strong>nos</strong></span> <span class='ocrx_word' id='word_1_22' title='bbox 318 419 404 450; x_wconf 87' lang='lat' dir='ltr'><strong>rex</strong></span> <span class='ocrx_word' id='word_1_23' title='bbox 439 397 646 447; x_wconf 81' lang='lat' dir='ltr'>subinde</span> <span class='ocrx_word' id='word_1_24' title='bbox 677 397 884 443; x_wconf 85' lang='lat' dir='ltr'><strong>fremere</strong></span> <span class='ocrx_word' id='word_1_25' title='bbox 924 395 1120 443; x_wconf 88' lang='lat' dir='ltr'><strong>inventa</strong></span> <span class='ocrx_word' id='word_1_26' title='bbox 1165 397 1431 445; x_wconf 64' lang='lat' dir='ltr'><strong>occasione.</strong></span> <span class='ocrx_word' id='word_1_27' title='bbox 1513 399 1603 463; x_wconf 78' lang='lat' dir='ltr'><strong>Cy.</strong></span> 
     </span>
     <span class='ocr_line' id='line_1_5' title="bbox 196 463 1603 540; baseline -0.005 -19"><span class='ocrx_word' id='word_1_28' title='bbox 196 474 412 540; x_wconf 86' lang='lat' dir='ltr'><strong>prianus,</strong></span> <span class='ocrx_word' id='word_1_29' title='bbox 449 468 533 533; x_wconf 83' lang='lat' dir='ltr'><strong>qui</strong></span> <span class='ocrx_word' id='word_1_30' title='bbox 556 481 671 513; x_wconf 84' lang='lat' dir='ltr'><strong>tunc</strong></span> <span class='ocrx_word' id='word_1_31' title='bbox 693 463 1066 512; x_wconf 75' lang='lat' dir='ltr'><strong>Referendarius</strong></span> <span class='ocrx_word' id='word_1_32' title='bbox 1092 479 1208 523; x_wconf 78' lang='lat' dir='ltr'><strong>erat,</strong></span> <span class='ocrx_word' id='word_1_33' title='bbox 1239 466 1401 530; x_wconf 81' lang='lat' dir='ltr'><strong>postea</strong></span> <span class='ocrx_word' id='word_1_34' title='bbox 1425 468 1603 515; x_wconf 77' lang='lat' dir='ltr'><strong>Comes</strong></span> 
     </span>
     <span class='ocr_line' id='line_1_6' title="bbox 199 534 1605 599; baseline -0.004 -10"><span class='ocrx_word' id='word_1_35' title='bbox 199 543 458 590; x_wconf 75' lang='lat' dir='ltr'><strong>sacrarum</strong></span> <span class='ocrx_word' id='word_1_36' title='bbox 487 552 533 585; x_wconf 86' lang='lat' dir='ltr'><strong>et</strong></span> <span class='ocrx_word' id='word_1_37' title='bbox 565 535 813 599; x_wconf 74' lang='lat' dir='ltr'>Magister,</span> <span class='ocrx_word' id='word_1_38' title='bbox 855 548 987 581; x_wconf 88' lang='lat' dir='ltr'><strong>actus</strong></span> <span class='ocrx_word' id='word_1_39' title='bbox 1018 534 1312 598; x_wconf 80' lang='lat' dir='ltr'><strong>cupiditate,</strong></span> <span class='ocrx_word' id='word_1_40' title='bbox 1360 534 1605 583; x_wconf 86' lang='lat' dir='ltr'><strong>infinuans</strong></span> 
     </span>
     <span class='ocr_line' id='line_1_7' title="bbox 201 602 1608 666; baseline -0.004 -8"><span class='ocrx_word' id='word_1_41' title='bbox 201 610 261 658; x_wconf 91' lang='lat' dir='ltr'><strong>de</strong></span> <span class='ocrx_word' id='word_1_42' title='bbox 293 609 480 656; x_wconf 86' lang='lat' dir='ltr'>Albino</span> <span class='ocrx_word' id='word_1_43' title='bbox 511 605 751 664; x_wconf 84' lang='lat' dir='ltr'><strong>Patricio,</strong></span> <span class='ocrx_word' id='word_1_44' title='bbox 794 622 851 650; x_wconf 90' lang='lat' dir='ltr'><strong>eo</strong></span> <span class='ocrx_word' id='word_1_45' title='bbox 884 602 1020 666; x_wconf 86' lang='lat' dir='ltr'><strong>quod</strong></span> <span class='ocrx_word' id='word_1_46' title='bbox 1047 604 1232 650; x_wconf 76' lang='lat' dir='ltr'>litteras</span> <span class='ocrx_word' id='word_1_47' title='bbox 1274 603 1497 653; x_wconf 85' lang='lat' dir='ltr'><strong>adversus</strong></span> <span class='ocrx_word' id='word_1_48' title='bbox 1535 623 1608 653; x_wconf 87' lang='lat' dir='ltr'><strong>re-</strong></span> 
     </span>
     <span class='ocr_line' id='line_1_8' title="bbox 200 671 1607 743; baseline -0.004 -18"><span class='ocrx_word' id='word_1_49' title='bbox 200 698 348 743; x_wconf 71' lang='lat' dir='ltr'><strong>gnum</strong></span> <span class='ocrx_word' id='word_1_50' title='bbox 372 677 473 725; x_wconf 84' lang='lat' dir='ltr'><strong>eius</strong></span> <span class='ocrx_word' id='word_1_51' title='bbox 494 673 780 738; x_wconf 82' lang='lat' dir='ltr'><strong>imperatori</strong></span> <span class='ocrx_word' id='word_1_52' title='bbox 802 672 986 719; x_wconf 72' lang='lat' dir='ltr'><strong>Iustino</strong></span> <span class='ocrx_word' id='word_1_53' title='bbox 1011 671 1226 719; x_wconf 82' lang='lat' dir='ltr'><strong>mififfet:</strong></span> <span class='ocrx_word' id='word_1_54' title='bbox 1264 671 1399 738; x_wconf 88' lang='lat' dir='ltr'><strong>quod</strong></span> <span class='ocrx_word' id='word_1_55' title='bbox 1423 674 1607 721; x_wconf 80' lang='lat' dir='ltr'><strong>factum</strong></span> 
     </span>
     <span class='ocr_line' id='line_1_9' title="bbox 203 739 1607 811; baseline -0.004 -17"><span class='ocrx_word' id='word_1_56' title='bbox 203 748 322 811; x_wconf 82' lang='lat' dir='ltr'><strong>dum</strong></span> <span class='ocrx_word' id='word_1_57' title='bbox 356 745 599 794; x_wconf 83' lang='lat' dir='ltr'><strong>revocitus</strong></span> <span class='ocrx_word' id='word_1_58' title='bbox 634 756 854 805; x_wconf 80' lang='lat' dir='ltr'>negaret,</span> <span class='ocrx_word' id='word_1_59' title='bbox 903 755 1020 789; x_wconf 85' lang='lat' dir='ltr'><strong>tunc</strong></span> <span class='ocrx_word' id='word_1_60' title='bbox 1067 742 1307 790; x_wconf 74' lang='lat' dir='ltr'><strong>Boethius</strong></span> <span class='ocrx_word' id='word_1_61' title='bbox 1351 739 1607 802; x_wconf 76' lang='lat' dir='ltr'>Patricius,</span> 
     </span>
     <span class='ocr_line' id='line_1_10' title="bbox 203 810 1608 880; baseline -0.002 -19"><span class='ocrx_word' id='word_1_62' title='bbox 203 817 290 880; x_wconf 83' lang='lat' dir='ltr'><strong>qui</strong></span> <span class='ocrx_word' id='word_1_63' title='bbox 330 813 553 877; x_wconf 81' lang='lat' dir='ltr'><strong>magister</strong></span> <span class='ocrx_word' id='word_1_64' title='bbox 596 812 872 857; x_wconf 85' lang='lat' dir='ltr'><strong>officiorum</strong></span> <span class='ocrx_word' id='word_1_65' title='bbox 909 823 1036 868; x_wconf 79' lang='lat' dir='ltr'><strong>erat,</strong></span> <span class='ocrx_word' id='word_1_66' title='bbox 1086 810 1134 854; x_wconf 86' lang='lat' dir='ltr'><strong>in</strong></span> <span class='ocrx_word' id='word_1_67' title='bbox 1179 810 1446 873; x_wconf 84' lang='lat' dir='ltr'><strong>conspectu</strong></span> <span class='ocrx_word' id='word_1_68' title='bbox 1484 812 1608 874; x_wconf 82' lang='lat' dir='ltr'><strong>regis</strong></span> 
     </span>
     <span class='ocr_line' id='line_1_11' title="bbox 202 874 1609 938; baseline -0.004 -7"><span class='ocrx_word' id='word_1_69' title='bbox 202 885 349 932; x_wconf 77' lang='lat' dir='ltr'><strong>dixit:</strong></span> <span class='ocrx_word' id='word_1_70' title='bbox 397 880 530 929; x_wconf 78' lang='lat' dir='ltr'><strong>Falsa</strong></span> <span class='ocrx_word' id='word_1_71' title='bbox 561 878 626 924; x_wconf 83' lang='lat' dir='ltr'><strong>eft</strong></span> <span class='ocrx_word' id='word_1_72' title='bbox 652 874 910 921; x_wconf 73' lang='lat' dir='ltr'><strong>insinuatio</strong></span> <span class='ocrx_word' id='word_1_73' title='bbox 945 875 1203 938; x_wconf 70' lang='lat' dir='ltr'><strong>Cypriani:</strong></span> <span class='ocrx_word' id='word_1_74' title='bbox 1234 879 1319 923; x_wconf 79' lang='lat' dir='ltr'><strong>sed</strong></span> <span class='ocrx_word' id='word_1_75' title='bbox 1341 878 1377 923; x_wconf 83' lang='lat' dir='ltr'><strong>fi</strong></span> <span class='ocrx_word' id='word_1_76' title='bbox 1398 879 1609 925; x_wconf 79' lang='lat' dir='ltr'><strong>Albinus</strong></span> 
     </span>
     <span class='ocr_line' id='line_1_12' title="bbox 200 941 1611 1013; baseline -0.009 -13"><span class='ocrx_word' id='word_1_77' title='bbox 200 953 343 1013; x_wconf 86' lang='lat' dir='ltr'><strong>fecit,</strong></span> <span class='ocrx_word' id='word_1_78' title='bbox 380 964 427 997; x_wconf 88' lang='lat' dir='ltr'><strong>et</strong></span> <span class='ocrx_word' id='word_1_79' title='bbox 451 965 568 1012; x_wconf 81' lang='lat' dir='ltr'><strong>ego,</strong></span> <span class='ocrx_word' id='word_1_80' title='bbox 606 959 653 992; x_wconf 87' lang='lat' dir='ltr'><strong>et</strong></span> <span class='ocrx_word' id='word_1_81' title='bbox 673 957 876 990; x_wconf 87' lang='lat' dir='ltr'><strong>cunctus</strong></span> <span class='ocrx_word' id='word_1_82' title='bbox 895 941 1087 988; x_wconf 85' lang='lat' dir='ltr'><strong>senatus</strong></span> <span class='ocrx_word' id='word_1_83' title='bbox 1126 961 1225 990; x_wconf 88' lang='lat' dir='ltr'><strong>uno</strong></span> <span class='ocrx_word' id='word_1_84' title='bbox 1256 944 1458 991; x_wconf 85' lang='lat' dir='ltr'><strong>confilio</strong></span> <span class='ocrx_word' id='word_1_85' title='bbox 1495 947 1611 994; x_wconf 83' lang='lat' dir='ltr'><strong>feci..</strong></span> 
     </span>
     <span class='ocr_line' id='line_1_13' title="bbox 131 1012 1610 1081; baseline -0.011 -12"><span class='ocrx_word' id='word_1_86' title='bbox 131 1024 336 1081; x_wconf 84' lang='lat' dir='ltr'><strong>86mus,</strong></span> <span class='ocrx_word' id='word_1_87' title='bbox 378 1017 552 1065; x_wconf 78' lang='lat' dir='ltr'><strong>falsum</strong></span> <span class='ocrx_word' id='word_1_88' title='bbox 584 1014 674 1073; x_wconf 81' lang='lat' dir='ltr'><strong>est,</strong></span> <span class='ocrx_word' id='word_1_89' title='bbox 718 1012 918 1059; x_wconf 87' lang='lat' dir='ltr'><strong>domine</strong></span> <span class='ocrx_word' id='word_1_90' title='bbox 956 1029 1057 1058; x_wconf 80' lang='lat' dir='ltr'><strong>rex.</strong></span> <span class='ocrx_word' id='word_1_91' title='bbox 1153 1012 1296 1060; x_wconf 89' lang='lat' dir='ltr'><strong>Tunc</strong></span> <span class='ocrx_word' id='word_1_92' title='bbox 1341 1014 1610 1079; x_wconf 72' lang='lat' dir='ltr'>Cyprianus</span> 
     </span>
     <span class='ocr_line' id='line_1_14' title="bbox 198 1079 1613 1148; baseline -0.008 -10"><span class='ocrx_word' id='word_1_93' title='bbox 198 1089 461 1148; x_wconf 79' lang='lat' dir='ltr'><strong>haelitans,</strong></span> <span class='ocrx_word' id='word_1_94' title='bbox 497 1103 599 1131; x_wconf 87' lang='lat' dir='ltr'><strong>non</strong></span> <span class='ocrx_word' id='word_1_95' title='bbox 622 1082 779 1130; x_wconf 81' lang='lat' dir='ltr'><strong>solum</strong></span> <span class='ocrx_word' id='word_1_96' title='bbox 799 1079 1025 1128; x_wconf 76' lang='lat' dir='ltr'><strong>adversus</strong></span> <span class='ocrx_word' id='word_1_97' title='bbox 1049 1080 1313 1143; x_wconf 76' lang='lat' dir='ltr'><strong>Albinum,</strong></span> <span class='ocrx_word' id='word_1_98' title='bbox 1346 1081 1430 1129; x_wconf 81' lang='lat' dir='ltr'><strong>sed</strong></span> <span class='ocrx_word' id='word_1_99' title='bbox 1455 1098 1501 1130; x_wconf 87' lang='lat' dir='ltr'><strong>et</strong></span> <span class='ocrx_word' id='word_1_100' title='bbox 1531 1084 1613 1130; x_wconf 75' lang='lat' dir='ltr'><strong>ad-</strong></span> 
     </span>
     <span class='ocr_line' id='line_1_15' title="bbox 201 1148 1610 1211; baseline -0.004 -5"><span class='ocrx_word' id='word_1_101' title='bbox 201 1158 363 1206; x_wconf 80' lang='lat' dir='ltr'><strong>versus</strong></span> <span class='ocrx_word' id='word_1_102' title='bbox 393 1154 663 1204; x_wconf 69' lang='lat' dir='ltr'><strong>Boethium</strong></span> <span class='ocrx_word' id='word_1_103' title='bbox 693 1152 794 1198; x_wconf 81' lang='lat' dir='ltr'><strong>eius</strong></span> <span class='ocrx_word' id='word_1_104' title='bbox 842 1148 1176 1211; x_wconf 72' lang='lat' dir='ltr'><strong>defensorem,</strong></span> <span class='ocrx_word' id='word_1_105' title='bbox 1230 1151 1432 1198; x_wconf 80' lang='lat' dir='ltr'><strong>deducit</strong></span> <span class='ocrx_word' id='word_1_106' title='bbox 1468 1152 1610 1200; x_wconf 83' lang='lat' dir='ltr'><strong>falsos</strong></span> 
     </span>
     <span class='ocr_line' id='line_1_16' title="bbox 202 1218 1612 1276; baseline -0.006 0"><span class='ocrx_word' id='word_1_107' title='bbox 202 1229 340 1276; x_wconf 81' lang='lat' dir='ltr'><strong>testes</strong></span> <span class='ocrx_word' id='word_1_108' title='bbox 361 1223 584 1274; x_wconf 85' lang='lat' dir='ltr'><strong>adversus</strong></span> <span class='ocrx_word' id='word_1_109' title='bbox 607 1220 861 1268; x_wconf 81' lang='lat' dir='ltr'><strong>Albinum.</strong></span> <span class='ocrx_word' id='word_1_110' title='bbox 932 1218 1034 1265; x_wconf 83' lang='lat' dir='ltr'><strong>Sed</strong></span> <span class='ocrx_word' id='word_1_111' title='bbox 1064 1237 1144 1265; x_wconf 77' lang='lat' dir='ltr'><strong>rex</strong></span> <span class='ocrx_word' id='word_1_112' title='bbox 1177 1219 1348 1267; x_wconf 85' lang='lat' dir='ltr'><strong>dolum</strong></span> <span class='ocrx_word' id='word_1_113' title='bbox 1379 1221 1612 1269; x_wconf 83' lang='lat' dir='ltr'><strong>Romanis</strong></span> 
     </span>
     <span class='ocr_line' id='line_1_17' title="bbox 200 1287 1613 1355; baseline -0.005 -11"><span class='ocrx_word' id='word_1_114' title='bbox 200 1296 462 1355; x_wconf 76' lang='lat' dir='ltr'><strong>tendebat,</strong></span> <span class='ocrx_word' id='word_1_115' title='bbox 505 1307 552 1341; x_wconf 84' lang='lat' dir='ltr'><strong>et</strong></span> <span class='ocrx_word' id='word_1_116' title='bbox 573 1290 861 1355; x_wconf 78' lang='lat' dir='ltr'><strong>quaerebat,</strong></span> <span class='ocrx_word' id='word_1_117' title='bbox 908 1287 1327 1353; x_wconf 82' lang='lat' dir='ltr'><strong>quemadmodum</strong></span> <span class='ocrx_word' id='word_1_118' title='bbox 1356 1308 1439 1337; x_wconf 88' lang='lat' dir='ltr'><strong>eos</strong></span> <span class='ocrx_word' id='word_1_119' title='bbox 1466 1292 1613 1338; x_wconf 79' lang='lat' dir='ltr'><strong>inter-</strong></span> 
     </span>
     <span class='ocr_line' id='line_1_18' title="bbox 202 1356 1616 1428; baseline -0.011 -13"><span class='ocrx_word' id='word_1_120' title='bbox 202 1370 399 1414; x_wconf 80' lang='lat' dir='ltr'><strong>ficeret:</strong></span> <span class='ocrx_word' id='word_1_121' title='bbox 432 1364 538 1428; x_wconf 88' lang='lat' dir='ltr'><strong>plus</strong></span> <span class='ocrx_word' id='word_1_122' title='bbox 559 1359 772 1407; x_wconf 76' lang='lat' dir='ltr'><strong>eredidit</strong></span> <span class='ocrx_word' id='word_1_123' title='bbox 797 1356 921 1404; x_wconf 85' lang='lat' dir='ltr'><strong>falfis</strong></span> <span class='ocrx_word' id='word_1_124' title='bbox 946 1357 1173 1418; x_wconf 73' lang='lat' dir='ltr'><strong>testibus,</strong></span> <span class='ocrx_word' id='word_1_125' title='bbox 1210 1377 1357 1423; x_wconf 84' lang='lat' dir='ltr'><strong>quam</strong></span> <span class='ocrx_word' id='word_1_126' title='bbox 1385 1357 1616 1407; x_wconf 71' lang='lat' dir='ltr'><strong>senatori.</strong></span> 
     </span>
     <span class='ocr_line' id='line_1_19' title="bbox 135 1426 1613 1492; baseline -0.004 -12"><span class='ocrx_word' id='word_1_127' title='bbox 135 1436 191 1492; x_wconf 77' lang='grc'><strong>87</strong></span> <span class='ocrx_word' id='word_1_128' title='bbox 205 1437 312 1483; x_wconf 85' lang='lat' dir='ltr'><strong>bus.</strong></span> <span class='ocrx_word' id='word_1_129' title='bbox 393 1433 536 1481; x_wconf 86' lang='lat' dir='ltr'><strong>Tunc</strong></span> <span class='ocrx_word' id='word_1_130' title='bbox 568 1430 778 1477; x_wconf 81' lang='lat' dir='ltr'><strong>Albinus</strong></span> <span class='ocrx_word' id='word_1_131' title='bbox 812 1441 859 1473; x_wconf 88' lang='lat' dir='ltr'><strong>et</strong></span> <span class='ocrx_word' id='word_1_132' title='bbox 884 1426 1126 1474; x_wconf 69' lang='lat' dir='ltr'><strong>Boethius</strong></span> <span class='ocrx_word' id='word_1_133' title='bbox 1159 1426 1294 1474; x_wconf 85' lang='lat' dir='ltr'><strong>ducti</strong></span> <span class='ocrx_word' id='word_1_134' title='bbox 1321 1429 1372 1474; x_wconf 88' lang='lat' dir='ltr'><strong>in</strong></span> <span class='ocrx_word' id='word_1_135' title='bbox 1396 1429 1613 1476; x_wconf 81' lang='lat' dir='ltr'><strong>custodia</strong></span> 
     </span>
     <span class='ocr_line' id='line_1_20' title="bbox 203 1496 1613 1568; baseline -0.006 -15"><span class='ocrx_word' id='word_1_136' title='bbox 203 1505 267 1552; x_wconf 82' lang='lat' dir='ltr'><strong>ad</strong></span> <span class='ocrx_word' id='word_1_137' title='bbox 288 1501 629 1568; x_wconf 70' lang='lat' dir='ltr'><strong>Baptisterium</strong></span> <span class='ocrx_word' id='word_1_138' title='bbox 652 1496 906 1544; x_wconf 81' lang='lat' dir='ltr'><strong>Eccleliae.</strong></span> <span class='ocrx_word' id='word_1_139' title='bbox 979 1496 1081 1543; x_wconf 73' lang='lat' dir='ltr'><strong>Rex</strong></span> <span class='ocrx_word' id='word_1_140' title='bbox 1100 1514 1216 1544; x_wconf 85' lang='lat' dir='ltr'><strong>vero</strong></span> <span class='ocrx_word' id='word_1_141' title='bbox 1253 1498 1442 1544; x_wconf 84' lang='lat' dir='ltr'><strong>vocavit</strong></span> <span class='ocrx_word' id='word_1_142' title='bbox 1470 1497 1613 1545; x_wconf 84' lang='lat' dir='ltr'><strong>Euse-</strong></span> 
     </span>
     <span class='ocr_line' id='line_1_21' title="bbox 203 1565 1613 1637; baseline -0.006 -15"><span class='ocrx_word' id='word_1_143' title='bbox 203 1574 342 1622; x_wconf 75' lang='lat' dir='ltr'><strong>bium</strong></span> <span class='ocrx_word' id='word_1_144' title='bbox 367 1572 663 1637; x_wconf 78' lang='lat' dir='ltr'><strong>praefectum</strong></span> <span class='ocrx_word' id='word_1_145' title='bbox 687 1566 823 1613; x_wconf 82' lang='lat' dir='ltr'><strong>urbis</strong></span> <span class='ocrx_word' id='word_1_146' title='bbox 843 1565 1036 1627; x_wconf 85' lang='lat' dir='ltr'><strong>Ticini,</strong></span> <span class='ocrx_word' id='word_1_147' title='bbox 1068 1579 1114 1611; x_wconf 84' lang='lat' dir='ltr'><strong>et</strong></span> <span class='ocrx_word' id='word_1_148' title='bbox 1132 1565 1356 1614; x_wconf 80' lang='lat' dir='ltr'><strong>inaudito</strong></span> <span class='ocrx_word' id='word_1_149' title='bbox 1380 1567 1613 1628; x_wconf 60' lang='lat' dir='ltr'><strong>Boethio,</strong></span> 
     </span>
     <span class='ocr_line' id='line_1_22' title="bbox 204 1634 1614 1708; baseline -0.006 -17"><span class='ocrx_word' id='word_1_150' title='bbox 204 1643 412 1708; x_wconf 84' lang='lat' dir='ltr'><strong>protulit</strong></span> <span class='ocrx_word' id='word_1_151' title='bbox 442 1641 493 1687; x_wconf 87' lang='lat' dir='ltr'><strong>in</strong></span> <span class='ocrx_word' id='word_1_152' title='bbox 523 1658 634 1687; x_wconf 85' lang='lat' dir='ltr'><strong>eum</strong></span> <span class='ocrx_word' id='word_1_153' title='bbox 666 1635 967 1684; x_wconf 77' lang='lat' dir='ltr'><strong>sententiam.</strong></span> <span class='ocrx_word' id='word_1_154' title='bbox 1044 1634 1142 1690; x_wconf 85' lang='lat' dir='ltr'><strong>Qui</strong></span> <span class='ocrx_word' id='word_1_155' title='bbox 1167 1653 1286 1683; x_wconf 84' lang='lat' dir='ltr'><strong>mox</strong></span> <span class='ocrx_word' id='word_1_156' title='bbox 1306 1636 1356 1681; x_wconf 88' lang='lat' dir='ltr'><strong>in</strong></span> <span class='ocrx_word' id='word_1_157' title='bbox 1376 1654 1490 1698; x_wconf 77' lang='lat' dir='ltr'><strong>agro</strong></span> <span class='ocrx_word' id='word_1_158' title='bbox 1512 1635 1614 1684; x_wconf 65' lang='lat' dir='ltr'><strong>Calss</strong></span> 
     </span>
     <span class='ocr_line' id='line_1_23' title="bbox 205 1703 1613 1771; baseline -0.005 -12"><span class='ocrx_word' id='word_1_159' title='bbox 205 1712 463 1771; x_wconf 60' lang='lat' dir='ltr'><strong>venusino,</strong></span> <span class='ocrx_word' id='word_1_160' title='bbox 499 1709 587 1756; x_wconf 87' lang='lat' dir='ltr'><strong>ubi</strong></span> <span class='ocrx_word' id='word_1_161' title='bbox 616 1708 667 1752; x_wconf 84' lang='lat' dir='ltr'><strong>in</strong></span> <span class='ocrx_word' id='word_1_162' title='bbox 692 1704 912 1753; x_wconf 75' lang='lat' dir='ltr'><strong>custodia</strong></span> <span class='ocrx_word' id='word_1_163' title='bbox 945 1703 1247 1766; x_wconf 77' lang='lat' dir='ltr'><strong>habebatur,</strong></span> <span class='ocrx_word' id='word_1_164' title='bbox 1287 1703 1413 1751; x_wconf 81' lang='lat' dir='ltr'><strong>milit</strong></span> <span class='ocrx_word' id='word_1_165' title='bbox 1436 1723 1539 1765; x_wconf 77' lang='lat' dir='ltr'><strong>rex,</strong></span> <span class='ocrx_word' id='word_1_166' title='bbox 1570 1719 1613 1752; x_wconf 83' lang='lat' dir='ltr'><strong>et</strong></span> 
     </span>
     <span class='ocr_line' id='line_1_24' title="bbox 206 1771 1610 1841; baseline -0.005 -13"><span class='ocrx_word' id='word_1_167' title='bbox 206 1782 324 1828; x_wconf 84' lang='lat' dir='ltr'><strong>fecit</strong></span> <span class='ocrx_word' id='word_1_168' title='bbox 346 1778 531 1827; x_wconf 84' lang='lat' dir='ltr'><strong>occidi:</strong></span> <span class='ocrx_word' id='word_1_169' title='bbox 570 1776 654 1841; x_wconf 87' lang='lat' dir='ltr'><strong>qui</strong></span> <span class='ocrx_word' id='word_1_170' title='bbox 677 1787 874 1837; x_wconf 81' lang='lat' dir='ltr'><strong>accepta</strong></span> <span class='ocrx_word' id='word_1_171' title='bbox 895 1771 1083 1820; x_wconf 80' lang='lat' dir='ltr'><strong>chorda</strong></span> <span class='ocrx_word' id='word_1_172' title='bbox 1103 1773 1154 1819; x_wconf 84' lang='lat' dir='ltr'><strong>in</strong></span> <span class='ocrx_word' id='word_1_173' title='bbox 1175 1775 1335 1821; x_wconf 86' lang='lat' dir='ltr'><strong>fronte</strong></span> <span class='ocrx_word' id='word_1_174' title='bbox 1357 1772 1610 1821; x_wconf 76' lang='lat' dir='ltr'><strong>diutiffime</strong></span> 
     </span>
     <span class='ocr_line' id='line_1_25' title="bbox 208 1842 1700 1914; baseline -0.004 -19"><span class='ocrx_word' id='word_1_175' title='bbox 208 1863 363 1896; x_wconf 84' lang='lat' dir='ltr'><strong>tortus</strong></span> <span class='ocrx_word' id='word_1_176' title='bbox 378 1886 389 1907; x_wconf 91' lang='lat'><strong>,</strong></span> <span class='ocrx_word' id='word_1_177' title='bbox 419 1850 485 1894; x_wconf 82' lang='lat' dir='ltr'><strong>ita</strong></span> <span class='ocrx_word' id='word_1_178' title='bbox 505 1861 559 1893; x_wconf 83' lang='lat' dir='ltr'><strong>nt</strong></span> <span class='ocrx_word' id='word_1_179' title='bbox 579 1845 710 1893; x_wconf 85' lang='lat' dir='ltr'><strong>oculi</strong></span> <span class='ocrx_word' id='word_1_180' title='bbox 733 1843 834 1890; x_wconf 81' lang='lat' dir='ltr'><strong>eius</strong></span> <span class='ocrx_word' id='word_1_181' title='bbox 858 1857 1138 1905; x_wconf 72' lang='lat' dir='ltr'><strong>creparent,</strong></span> <span class='ocrx_word' id='word_1_182' title='bbox 1172 1842 1237 1890; x_wconf 84' lang='lat' dir='ltr'><strong>fic</strong></span> <span class='ocrx_word' id='word_1_183' title='bbox 1259 1842 1349 1890; x_wconf 82' lang='lat' dir='ltr'><strong>sub</strong></span> <span class='ocrx_word' id='word_1_184' title='bbox 1373 1857 1611 1891; x_wconf 84' lang='lat' dir='ltr'><strong>tormenta</strong></span> <span class='ocrx_word' id='word_1_185' title='bbox 1678 1896 1700 1914; x_wconf 38' lang='grc' dir='ltr'><strong><em>Ἴ</em></strong></span> 
     </span>
     <span class='ocr_line' id='line_1_26' title="bbox 211 1910 1130 1976; baseline -0.007 -12"><span class='ocrx_word' id='word_1_186' title='bbox 211 1917 274 1965; x_wconf 86' lang='lat' dir='ltr'><strong>ad</strong></span> <span class='ocrx_word' id='word_1_187' title='bbox 295 1918 549 1976; x_wconf 84' lang='lat' dir='ltr'><strong>ultimum,</strong></span> <span class='ocrx_word' id='word_1_188' title='bbox 581 1933 695 1961; x_wconf 87' lang='lat' dir='ltr'><strong>cum</strong></span> <span class='ocrx_word' id='word_1_189' title='bbox 726 1912 846 1959; x_wconf 83' lang='lat' dir='ltr'><strong>fuste</strong></span> <span class='ocrx_word' id='word_1_190' title='bbox 872 1910 1130 1958; x_wconf 80' lang='lat' dir='ltr'><strong>occiditur.</strong></span> 
     </span>
    </p>
   </div>
   <div class='ocr_carea' id='block_1_3' title="bbox 144 2046 1633 2734">
    <p class='ocr_par' dir='ltr' id='par_1_3' title="bbox 144 2046 1633 2734">
     <span class='ocr_line' id='line_1_27' title="bbox 144 2046 1616 2111; baseline -0.002 -14"><span class='ocrx_word' id='word_1_191' title='bbox 144 2068 200 2111; x_wconf 68' lang='lat' dir='ltr'><strong>gg</strong></span> <span class='ocrx_word' id='word_1_192' title='bbox 305 2047 516 2097; x_wconf 83' lang='lat' dir='ltr'><strong>Rediens</strong></span> <span class='ocrx_word' id='word_1_193' title='bbox 567 2065 651 2094; x_wconf 84' lang='lat' dir='ltr'><strong>rex</strong></span> <span class='ocrx_word' id='word_1_194' title='bbox 691 2046 994 2106; x_wconf 82' lang='lat' dir='ltr'><strong>Ravennam,</strong></span> <span class='ocrx_word' id='word_1_195' title='bbox 1041 2060 1247 2093; x_wconf 81' lang='lat' dir='ltr'><strong>tractans</strong></span> <span class='ocrx_word' id='word_1_196' title='bbox 1285 2064 1386 2093; x_wconf 86' lang='lat' dir='ltr'><strong>non</strong></span> <span class='ocrx_word' id='word_1_197' title='bbox 1426 2061 1481 2092; x_wconf 89' lang='lat' dir='ltr'><strong>ut</strong></span> <span class='ocrx_word' id='word_1_198' title='bbox 1519 2048 1616 2094; x_wconf 83' lang='lat' dir='ltr'><strong>Dei</strong></span> 
     </span>
     <span class='ocr_line' id='line_1_28' title="bbox 213 2114 1616 2179; baseline -0.003 -13"><span class='ocrx_word' id='word_1_199' title='bbox 213 2119 421 2179; x_wconf 79' lang='lat' dir='ltr'><strong>amicus,</strong></span> <span class='ocrx_word' id='word_1_200' title='bbox 463 2115 548 2164; x_wconf 80' lang='lat' dir='ltr'><strong>sed</strong></span> <span class='ocrx_word' id='word_1_201' title='bbox 583 2115 678 2178; x_wconf 77' lang='lat' dir='ltr'><strong>legi</strong></span> <span class='ocrx_word' id='word_1_202' title='bbox 717 2115 819 2161; x_wconf 87' lang='lat' dir='ltr'><strong>eius</strong></span> <span class='ocrx_word' id='word_1_203' title='bbox 856 2114 1111 2175; x_wconf 85' lang='lat' dir='ltr'><strong>inimicus,</strong></span> <span class='ocrx_word' id='word_1_204' title='bbox 1162 2114 1423 2161; x_wconf 85' lang='lat' dir='ltr'><strong>immemor</strong></span> <span class='ocrx_word' id='word_1_205' title='bbox 1461 2116 1616 2162; x_wconf 79' lang='lat' dir='ltr'><strong>factus</strong></span> 
     </span>
     <span class='ocr_line' id='line_1_29' title="bbox 213 2182 1614 2246; baseline -0.004 -11"><span class='ocrx_word' id='word_1_206' title='bbox 213 2188 373 2236; x_wconf 78' lang='lat' dir='ltr'><strong>omnis</strong></span> <span class='ocrx_word' id='word_1_207' title='bbox 403 2187 504 2233; x_wconf 86' lang='lat' dir='ltr'><strong>eius</strong></span> <span class='ocrx_word' id='word_1_208' title='bbox 537 2184 766 2232; x_wconf 85' lang='lat' dir='ltr'><strong>beneficii</strong></span> <span class='ocrx_word' id='word_1_209' title='bbox 796 2196 842 2230; x_wconf 88' lang='lat' dir='ltr'><strong>et</strong></span> <span class='ocrx_word' id='word_1_210' title='bbox 868 2183 1075 2246; x_wconf 80' lang='lat' dir='ltr'><strong>gratiae,</strong></span> <span class='ocrx_word' id='word_1_211' title='bbox 1129 2201 1274 2246; x_wconf 84' lang='lat' dir='ltr'><strong>quam</strong></span> <span class='ocrx_word' id='word_1_212' title='bbox 1312 2184 1357 2231; x_wconf 84' lang='lat' dir='ltr'><strong>ei</strong></span> <span class='ocrx_word' id='word_1_213' title='bbox 1397 2182 1614 2244; x_wconf 82' lang='lat' dir='ltr'><strong>dederat,</strong></span> 
     </span>
     <span class='ocr_line' id='line_1_30' title="bbox 215 2251 1616 2317; baseline -0.004 -13"><span class='ocrx_word' id='word_1_214' title='bbox 215 2256 468 2304; x_wconf 85' lang='lat' dir='ltr'><strong>confidens</strong></span> <span class='ocrx_word' id='word_1_215' title='bbox 502 2255 552 2301; x_wconf 86' lang='lat' dir='ltr'><strong>in</strong></span> <span class='ocrx_word' id='word_1_216' title='bbox 580 2253 783 2300; x_wconf 85' lang='lat' dir='ltr'><strong>brachio</strong></span> <span class='ocrx_word' id='word_1_217' title='bbox 805 2251 907 2313; x_wconf 79' lang='lat' dir='ltr'><strong>suo,</strong></span> <span class='ocrx_word' id='word_1_218' title='bbox 945 2251 1062 2298; x_wconf 87' lang='lat' dir='ltr'><strong>item</strong></span> <span class='ocrx_word' id='word_1_219' title='bbox 1084 2251 1314 2313; x_wconf 85' lang='lat' dir='ltr'><strong>credens,</strong></span> <span class='ocrx_word' id='word_1_220' title='bbox 1346 2252 1482 2317; x_wconf 88' lang='lat' dir='ltr'><strong>quod</strong></span> <span class='ocrx_word' id='word_1_221' title='bbox 1503 2271 1616 2301; x_wconf 85' lang='lat' dir='ltr'><strong>eum</strong></span> 
     </span>
     <span class='ocr_line' id='line_1_31' title="bbox 212 2321 1617 2392; baseline -0.003 -21"><span class='ocrx_word' id='word_1_222' title='bbox 212 2324 576 2392; x_wconf 76' lang='lat' dir='ltr'><strong>pertimesceret</strong></span> <span class='ocrx_word' id='word_1_223' title='bbox 597 2322 803 2370; x_wconf 75' lang='lat' dir='ltr'><strong>Iustinus</strong></span> <span class='ocrx_word' id='word_1_224' title='bbox 824 2322 1085 2385; x_wconf 84' lang='lat' dir='ltr'><strong>imperator</strong></span> <span class='ocrx_word' id='word_1_225' title='bbox 1105 2321 1300 2368; x_wconf 78' lang='lat' dir='ltr'><strong>mittens</strong></span> <span class='ocrx_word' id='word_1_226' title='bbox 1329 2336 1377 2368; x_wconf 87' lang='lat' dir='ltr'><strong>et</strong></span> <span class='ocrx_word' id='word_1_227' title='bbox 1410 2339 1617 2369; x_wconf 84' lang='lat' dir='ltr'><strong>evocans</strong></span> 
     </span>
     <span class='ocr_line' id='line_1_32' title="bbox 214 2389 1633 2454; baseline -0.003 -13"><span class='ocrx_word' id='word_1_228' title='bbox 214 2395 496 2452; x_wconf 50' lang='lat' dir='ltr'><strong>{avelinam</strong></span> <span class='ocrx_word' id='word_1_229' title='bbox 534 2393 805 2439; x_wconf 86' lang='lat' dir='ltr'><strong>Iohannem</strong></span> <span class='ocrx_word' id='word_1_230' title='bbox 838 2389 963 2437; x_wconf 84' lang='lat' dir='ltr'><strong>sedis</strong></span> <span class='ocrx_word' id='word_1_231' title='bbox 1001 2390 1289 2453; x_wconf 81' lang='lat' dir='ltr'><strong>apostolicae</strong></span> <span class='ocrx_word' id='word_1_232' title='bbox 1329 2390 1633 2454; x_wconf 82' lang='lat' dir='ltr'><strong>praesulem,</strong></span> 
     </span>
     <span class='ocr_line' id='line_1_33' title="bbox 216 2459 1630 2522; baseline -0.004 -12"><span class='ocrx_word' id='word_1_233' title='bbox 216 2478 264 2510; x_wconf 85' lang='lat' dir='ltr'><strong>et</strong></span> <span class='ocrx_word' id='word_1_234' title='bbox 284 2463 404 2510; x_wconf 77' lang='lat' dir='ltr'><strong>dicit</strong></span> <span class='ocrx_word' id='word_1_235' title='bbox 425 2462 486 2509; x_wconf 86' lang='lat' dir='ltr'><strong>ad</strong></span> <span class='ocrx_word' id='word_1_236' title='bbox 506 2479 640 2509; x_wconf 87' lang='lat' dir='ltr'><strong>eum:</strong></span> <span class='ocrx_word' id='word_1_237' title='bbox 670 2460 886 2508; x_wconf 64' lang='lat' dir='ltr'><strong>Ambula</strong></span> <span class='ocrx_word' id='word_1_238' title='bbox 905 2459 1379 2522; x_wconf 82' lang='lat' dir='ltr'><strong>Constantinopolim</strong></span> <span class='ocrx_word' id='word_1_239' title='bbox 1400 2459 1462 2506; x_wconf 87' lang='lat' dir='ltr'><strong>ad</strong></span> <span class='ocrx_word' id='word_1_240' title='bbox 1483 2459 1630 2506; x_wconf 84' lang='lat' dir='ltr'><strong>Iusti--</strong></span> 
     </span>
     <span class='ocr_line' id='line_1_34' title="bbox 214 2528 1617 2595; baseline -0.003 -17"><span class='ocrx_word' id='word_1_241' title='bbox 214 2552 332 2578; x_wconf 85' lang='lat' dir='ltr'><strong>num</strong></span> <span class='ocrx_word' id='word_1_242' title='bbox 356 2532 727 2595; x_wconf 80' lang='lat' dir='ltr'><strong>imperatorem,</strong></span> <span class='ocrx_word' id='word_1_243' title='bbox 765 2542 812 2576; x_wconf 86' lang='lat' dir='ltr'><strong>et</strong></span> <span class='ocrx_word' id='word_1_244' title='bbox 834 2528 911 2574; x_wconf 85' lang='lat' dir='ltr'><strong>die</strong></span> <span class='ocrx_word' id='word_1_245' title='bbox 934 2528 978 2575; x_wconf 87' lang='lat' dir='ltr'><strong>ei</strong></span> <span class='ocrx_word' id='word_1_246' title='bbox 1001 2528 1126 2575; x_wconf 86' lang='lat' dir='ltr'><strong>inter</strong></span> <span class='ocrx_word' id='word_1_247' title='bbox 1153 2529 1267 2588; x_wconf 80' lang='lat' dir='ltr'><strong>alia,</strong></span> <span class='ocrx_word' id='word_1_248' title='bbox 1310 2542 1364 2574; x_wconf 88' lang='lat' dir='ltr'><strong>ut</strong></span> <span class='ocrx_word' id='word_1_249' title='bbox 1401 2528 1617 2576; x_wconf 84' lang='lat' dir='ltr'><strong>reconci-</strong></span> 
     </span>
     <span class='ocr_line' id='line_1_35' title="bbox 212 2596 1611 2662; baseline -0.003 -16"><span class='ocrx_word' id='word_1_250' title='bbox 212 2601 354 2648; x_wconf 84' lang='lat' dir='ltr'><strong>liatos</strong></span> <span class='ocrx_word' id='word_1_251' title='bbox 410 2600 682 2648; x_wconf 79' lang='lat' dir='ltr'><strong>haereticos</strong></span> <span class='ocrx_word' id='word_1_252' title='bbox 726 2599 776 2644; x_wconf 86' lang='lat' dir='ltr'><strong>in</strong></span> <span class='ocrx_word' id='word_1_253' title='bbox 821 2597 1065 2644; x_wconf 84' lang='lat' dir='ltr'><strong>catholica</strong></span> <span class='ocrx_word' id='word_1_254' title='bbox 1106 2598 1322 2644; x_wconf 80' lang='lat' dir='ltr'><strong>restituat</strong></span> <span class='ocrx_word' id='word_1_255' title='bbox 1362 2596 1611 2662; x_wconf 76' lang='lat' dir='ltr'><strong>religione.</strong></span> 
     </span>
     <span class='ocr_line' id='line_1_36' title="bbox 154 2665 1612 2734; baseline -0.001 -21"><span class='ocrx_word' id='word_1_256' title='bbox 154 2669 304 2728; x_wconf 57' lang='lat' dir='ltr'><strong>SUCui</strong></span> <span class='ocrx_word' id='word_1_257' title='bbox 327 2689 451 2734; x_wconf 79' lang='lat' dir='ltr'><strong>papa</strong></span> <span class='ocrx_word' id='word_1_258' title='bbox 472 2669 716 2718; x_wconf 83' lang='lat' dir='ltr'><strong>Iohannes</strong></span> <span class='ocrx_word' id='word_1_259' title='bbox 737 2668 803 2715; x_wconf 80' lang='lat' dir='ltr'><strong>ita</strong></span> <span class='ocrx_word' id='word_1_260' title='bbox 825 2665 1100 2731; x_wconf 73' lang='lat' dir='ltr'><strong>respondit:</strong></span> <span class='ocrx_word' id='word_1_261' title='bbox 1140 2667 1290 2723; x_wconf 85' lang='lat' dir='ltr'><strong>Quod</strong></span> <span class='ocrx_word' id='word_1_262' title='bbox 1313 2666 1525 2714; x_wconf 82' lang='lat' dir='ltr'><strong>facturus</strong></span> <span class='ocrx_word' id='word_1_263' title='bbox 1548 2683 1612 2728; x_wconf 86' lang='lat' dir='ltr'><strong>es,</strong></span> 
     </span>
    </p>
   </div>
  </div>
 </body>
</html>
