1727 3144
216 177 473 223 VAL'ENT.
514 192 642 224 VAL.
682 192 756 222 ET
789 191 1082 241 ὓ-ΗΑΤῙΑΝ.
1159 182 1272 241 571.
1386 186 1482 231 515

66 303 162 351 stus
190 301 390 367 quidam
425 300 744 349 Tridentinus
774 301 937 349 ultimi
963 286 1205 368 sanguinis
1232 320 1279 352 et
1309 307 1480 369 ignoti,

63 372 116 418 in
138 389 314 418 nexum
337 371 667 435 germanitatis
688 389 713 417 a
734 372 1008 419 Maximino
1032 373 1239 420 dilectus
1260 390 1313 421 ut
1344 376 1481 424 soda-

62 441 123 487 lis
156 454 202 488 et
234 453 547 503 confligentis,
593 440 967 488 decernentibus
990 441 1099 488 fatis
1127 442 1187 489 ad
1221 443 1476 494 Orientem

62 523 207 557 trans
198 507 374 573 ‘tessus
402 509 492 556 elt:
529 509 698 575 ibique
720 509 1047 557 administnata
1069 511 1233 576 Syria,
1263 513 1478 576 magiste-

61 578 239 643 rioque
262 578 526 625 memmiae
551 592 772 643 peracto,
808 580 938 627 hona
960 550 1244 628 lenitudinis
1269 596 1317 628 et
1344 600 1426 628 rex
1431 601 1479 630 e-

62 647 216 694 rentia
240 648 439 712 reliquit
462 649 706 711 exempla:
743 648 875 695 unde
893 666 1058 711 regere
1081 649 1243 695 Aliam
1268 668 1476 714 procon-

0 731 1 738 ’
60 715 205 764 sulari
233 717 464 780 potestate
484 715 703 772 exorsUS‚
743 717 1070 764 velificatione
1102 721 1362 783 tranquilla
1391 722 1475 784 (ut

59 786 222 848 aiunt)
253 786 499 832 ferebatur
533 785 594 830 ad
624 784 844 846 gloriam.
925 784 1146 832 Audiens
1174 803 1334 834 autem
1369 789 1543 836 Ma-23

57 853 295 900 ximinum
319 853 507 916 optimo
530 852 709 915 cuique
734 852 993 913 exitialem,
1034 856 1340 903 obtrectabat
1367 856 1472 903 sub-

49 921 174 969 -inde
196 921 384 969 actibus
407 921 508 967 eius
529 936 584 967 ut
607 920 885 985 perniciofis
907 935 957 974 et⁴
973 923 1149 969 foedis.
1235 925 1336 973 Sed
1358 945 1472 972 cum

55 991 208 1056 impie
265 1003 636 1054 peremptorum
695 988 931 1054 exsequiis
989 989 1359 1055 suffragantibus
1410 996 1473 1041 ad

55 1060 414 1124 praefecturam
433 1057 609 1105 veniss'e
640 1058 895 1105 hominem
923 1061 1232 1123 comperiffet
1260 1063 1473 1110 immeri-

58 1143 187 1190 tum,
234 1127 404 1175 exarfit
432 1126 494 1173 ad
524 1127 580 1191 ¹⁸)
615 1125 801 1189 agenda
832 1126 1165 1194 sperandaque
1188 1129 1389 1192 fimilia3
1424 1146 1471 1178 et

55 1197 304 1245 histrionis
336 1196 433 1242 ritu
462 1209 644 1242 mutata
673 1210 870 1259 repente
913 1197 1140 1260 persona,
1192 1199 1351 1247 studio
1385 1219 1471 1247 no-

53 1266 201 1314 cendi
223 1279 490 1328 concepto,
523 1263 784 1312 incedebat
806 1266 993 1312 oculis
982 1268 1178 1314 intentis
1206 1287 1258 1314 ac
1282 1268 1468 1331 rigidis,

52 1336 410 1400 praefectuiam
451 1346 707 1380 autumans
742 1333 911 1380 adfore
946 1336 1261 1399 propediem,
1311 1337 1346 1384 11
1368 1351 1467 1401 iptc

55 1422 255 1469 quoque
300 1402 348 1450 se
401 1402 769 1450 contaminasset
814 1403 1080 1451 insontium
1127 1407 1311 1469 poenis.
1407 1407 1467 1453 Et
1486 1411 1545 1464 24

53 1490 353 1538 quamquam
372 1470 463 1517 fint
488 1472 638 1518 multa
664 1486 710 1518 et
739 1472 892 1532 varia,
937 1491 1087 1537 quae,
1127 1488 1181 1520 ut
1212 1475 1407 1521 levius
1397 1495 1468 1522 ln-

54 1555 379 1606 terpretemur
391 1576 407 1598 ,
468 1540 565 1603 egit
617 1539 902 1604 asperrime:
962 1560 1114 1604 pauca
1165 1557 1325 1595 tamen
1369 1543 1468 1591 dici

54 1610 287 1671 sufficiet,
327 1627 448 1674 quae
469 1607 579 1655 lunt
601 1623 714 1656 nota
733 1628 786 1656 ac
816 1611 1121 1674 pervulgata,
1167 1612 1228 1658 ad
1259 1614 1469 1660 aemula-

54 1682 245 1727 tionem
289 1697 460 1726 eorum
501 1677 749 1725 commiffa
792 1697 916 1743 quae
955 1680 1076 1726 facta
1112 1680 1223 1727 sunt
1269 1682 1464 1728 Romae.

55 1748 200 1797 Ratio
221 1748 352 1796 enim
373 1746 542 1795 eadem
566 1747 632 1794 est
658 1749 713 1812 ¹⁹)
733 1747 918 1811 ubique
941 1763 1069 1796 recte
1093 1748 1287 1798 secusve
1319 1751 1469 1814 gesto-

57 1837 199 1874 ium,
257 1816 442 1864 etiamfi
486 1816 771 1880 magnitudo
814 1816 933 1864 defit
994 1817 1229 1865 diffimilis
1286 1837 1464 1867 rerum.

54 1885 420 1950 Philosophum
467 1885 730 1950 quemdam
778 1886 1098 1951 Coeranium‚
1148 1887 1283 1934 haud
1334 1888 1468 1935 exilis
1488 1886 1543 1930 25

56 1957 222 2003 meliti
262 1955 445 2015 virum,
509 1972 562 2001 ea
600 1953 735 2001 causa
772 1969 1130 2002 tormentorum
1168 1957 1469 2004 immanitate

55 2024 267 2072 inultum
289 2022 494 2083 occidit,
529 2023 664 2087 quod
689 2022 751 2069 ad
773 2024 1032 2087 coniugem
1063 2022 1193 2071 suam
1224 2026 1470 2072 familia1i-

56 2107 131 2141 ter
147 2093 379 2153 scribens,
413 2091 466 2138 id
490 2090 708 2139 sermone
734 2091 988 2139 addiderat
1010 2094 1226 2141 Graeco:
1258 2094 1320 2158 ²0)
1342 2092 1395 2142 σύ
1424 2087 1470 2143 δὲ

58 2161 168 2220 νόει,
204 2163 281 2213 καὶ
308 2162 456 2224 στέφε
484 2159 562 2217 ’τὴν
595 2160 760 2221 τύληνε
807 2161 943 2225 quod
977 2161 1075 2208 dici
1097 2162 1469 2225 proverbialiter

58 2231 206 2292 solet,
251 2244 307 2277 ut
335 2230 536 2276 audiens
564 2230 704 2275 altius
734 2229 922 2296 aliquid
954 2231 1194 2293 agendum
1224 2229 1463 2293 agnoscat.

60 2302 228 2350 Anum
260 2297 521 2364 quamdam
550 2297 845 2361 limplicem‚
892 2299 1204 2346 intervallatis
1246 2298 1464 2345 febribus
1482 2305 1538 2347 26

60 2369 251 2418 mederi
276 2368 375 2415 leni
401 2366 614 2414 carmine
637 2366 939 2429 consuetam,
978 2367 1158 2414 occidit
1179 2381 1233 2413 ut
1253 2368 1463 2427 noxiam,

59 2439 317 2504 postquam
347 2437 499 2483 filiam
528 2434 661 2481 suam
696 2436 801 2500 ipso
830 2436 1026 2484 conscio
1075 2438 1261 2482 cutavit
1296 2436 1463 2483 accita

61 2509 122 2556 In
142 2507 322 2556 chartis
346 2503 593 2552 cuiusdam
620 2506 878 2569 municipis
909 2507 1021 2552 elmi
1056 2504 1255 2551 scinu-ni
1299 2523 1354 2551 cx
1384 2523 1466 2550 ne-
1482 2523 1538 2566 27

65 2577 199 2641 gotio
221 2574 379 2636 iuffis,
411 2574 629 2639 genitura
648 2575 864 2622 Valentis
884 2574 1136 2621 cuiusdam
1159 2574 1351 2620 inventa
1375 2574 1466 2621 cst:

115 2765 176 2805 {35
205 2761 271 2796 ΜΓ
303 2762 439 2810 agenmh
467 2789 473 2795 .
509 2788 516 2795 .
549 2786 556 2795 .
585 2785 595 2795 .
744 2758 814 2805 .sp
823 2771 888 2792 arar
894 2758 953 2791 ulo
934 2770 1039 2805 oque
1106 2758 1161 2803 ¹9)
1190 2757 1240 2790 al.
1274 2755 1324 2790 ibi
1359 2766 1467 2791 recte.

67 2811 132 2857 20)
158 2808 226 2842 Ms.
259 2808 700 2848 COIAQNOQIKAIOTL·
725 2787 790 2841 <in
795 2810 974 2842 ΓΓΓΝΤΊ
978 2807 1081 2841 tHN

785 2853 883 2899 Kk
