1727 3144
0 492 7 715 Ι

230 148 669 194 coNs‘rAN‘rIU's
706 162 781 192 Er
823 150 1135 193 1U21ANus.
1208 148 1322 195 556.
1427 149 1492 198 85

86 271 303 322 cubiculi
325 270 534 318 mittitur
555 270 712 317 statim
734 269 867 335 post‘,
900 287 1036 331 eum,
1051 327 1056 336 Ι
1071 269 1107 317 fi
1132 270 1254 336 quid
1285 273 1499 336 finxerit,

88 342 415 390 convicturus.
446 350 449 351 ’
485 341 671 388 Verum
691 340 773 387 ille
803 339 900 388 hoc
929 339 1148 388 nesciens
1167 377 1180 401 ,
1220 357 1337 388 mox
1366 345 1497 391 venit

82 409 447 469 Mediolanum,
490 409 704 473 strepens
737 423 784 457 et
816 410 1149 466 tumultuans,
1198 423 1253 456 ut
1286 423 1388 457 erat
1418 428 1497 458 va-

81 478 272 526 nidicus
295 492 342 526 et
365 479 545 525 amenti
570 479 790 542 propior,
819 477 1046 525 admiss'us
1069 479 1119 524 in
1141 477 1495 541 consistorium,

81 548 328 597 Iulianum
356 561 412 594 ut
443 561 703 610 procacem
731 545 1000 594 insimulat:
1052 547 1248 612 iamque
1286 546 1348 595 ad
1388 565 1495 596 eva-

80 616 295 681 gandum
326 616 491 677 altius,
537 616 797 663 validiores
829 615 920 665 fibi
959 615 1130 680 pinnas
1175 630 1367 682 aptare:
1421 617 1489 664 ita

79 686 209 732 enim
247 704 360 732 cum
404 699 541 732 motu
587 684 803 750 quodam
841 686 1064 749 corporis
1103 686 1398 750 loquebatur
1417 686 1490 732 in-

53 754 225 817 ·genti.
308 754 442 803 Haec
476 772 533 801 eo
561 756 774 818 fingente
802 752 1053 815 licentius,
1098 754 1387 816 Eutherius,
1418 752 1524 805 'utS

71 822 363 887 postulavit,
403 822 657 885 inductus,
703 822 948 888 iuss'usque
978 823 1118 888 loqui
1155 823 1292 889 quod
1322 824 1485 885 vellet,

74 891 347 940 verecunde
371 905 417 939 et
439 891 634 940 modice
654 891 801 940 docet
824 894 974 940 velari
1008 893 1261 941 veritatem
1287 892 1488 941 menda-

70 962 173 1008 ciis.
247 960 479 1024 Magistro
503 960 633 1009 enim
663 980 910 1009 armorum
946 964 1020 1027 (ut
1046 961 1357 1024 credebatur)
1386 960 1484 1009 ces-

68 1029 202 1078 sante
236 1029 485 1091 consulto,
523 1030 758 1078 industria
789 1031 924 1096 vigili
957 1031 1211 1079 Caesarem
1242 1030 1481 1079 obsessum

68 1098 201 1164 apud
229 1099 447 1146 Senonas
490 1099 602 1161 diu,
652 1101 886 1148 barbaros
925 1100 1177 1164 repuliss'e:
1234 1100 1481 1165 adparito-

67 1185 270 1233 remque
296 1167 454 1214 fidum
495 1169 685 1217 auctori
724 1169 838 1231 suo,
887 1169 1054 1234 quoad
1095 1170 1298 1231 vixerit,
1353 1170 1477 1228 sore,

66 1237 279 1300 obligata
306 1237 495 1285 cervice
516 1236 598 1283 sua
627 1236 918 1301 spondebat.

163 1305 257 1351 Res
292 1305 486 1351 monuit
513 1304 656 1368 super
687 1305 784 1352 hoc
830 1306 1004 1353 eodem
1041 1304 1279 1351 Eutherio
1322 1310 1514 1368 pauca4

61 1372 337 1434 subserere,
374 1372 574 1419 forlitan
606 1391 707 1420 non
736 1373 1008 1433 credenda3
1058 1391 1111 1420 ea
1145 1391 1220 1433 re,
1268 1371 1406 1437 quod
1438 1373 1476 1419 fi

63 1442 229 1491 Numa
257 1441 557 1505 Pompilius,
601 1442 678 1489 vel
711 1442 936 1489 Socrates
972 1443 1101 1488 bona
1134 1442 1374 1505 quaedam
1405 1440 1478 1489 di-

61 1525 230 1559 cerent
260 1509 320 1557 dc
353 1509 594 1574 spadone,
638 1509 881 1574 dictisque
915 1511 1207 1573 religionum
1240 1510 1478 1557 adderent

62 1580 240 1640 fidem,
278 1598 304 1626 a
325 1578 526 1627 veritate
549 1576 796 1625 desciviffe
817 1592 1147 1642 arguerentur.
1221 1578 1323 1625 Sed
1348 1579 1475 1627 inter

60 1667 234 1714 vepres
255 1646 390 1695 rosae
409 1645 695 1707 nascuntur,
728 1660 777 1694 et
797 1647 924 1693 inter
943 1647 1067 1694 feras
1101 1647 1364 1693 nonnullae
1385 1648 1475 1693 mi-

56 1718 260 1766 tescunt.
343 1715 517 1780 Itaque
545 1715 754 1780 carptim
773 1715 875 1762 eius
896 1715 1184 1779 praecipua,
1215 1732 1339 1780 quae
1361 1713 1471 1762 sunt

12 1818 20 1826 ·
55 1799 334 1851 comperta,
365 1784 667 1832 monstrabo..
744 1784 901 1834 Natus
932 1784 982 1830 in
1017 1784 1252 1831 Armenia
1280 1782 1504 1848 sangui-5

55 1873 116 1903 ne
135 1856 326 1912 libero,
349 1867 619 1919 captusque
644 1872 670 1900 a
701 1853 923 1900 finitimis
955 1853 1176 1900 hostibus
1212 1852 1465 1900 etiamtum

52 1925 308 1990 parvulus,
351 1922 604 1970 abstractis
636 1922 868 1987 geminis,
913 1922 1143 1968 Romanis
1184 1922 1465 1968 mercatori-

53 1996 146 2042 bus
177 1990 527 2052 venumdatus,
571 1990 635 2039 ad
655 1991 899 2056 ,palatium
929 1989 1231 2038 Constantini
1261 1989 1463 2038 deduci-

54 2077 154 2109 tur:
185 2063 228 2127 ²)
253 2061 341 2108 ubi
370 2060 620 2125 paullatim
655 2059 934 2107 adulescens
962 2059 1202 2107 rationem
1230 2074 1359 2107 recte
1390 2059 1461 2106 vi-

52 2131 199 2178 vendi
228 2128 590 2193 sollertiamque
623 2128 935 2189 ostendebat,
977 2128 1181 2185 litteris,
1221 2142 1457 2193 quantum

53 2201 139 2247 tali
169 2201 394 2247 fortunae
420 2196 531 2244 satis
563 2197 654 2245 else
681 2211 897 2262 poterat,
929 2197 1171 2258 eruditus,
1207 2195 1457 2261 cogitandi

51 2267 432 2331 inveniendique
462 2265 609 2313 dubia
645 2281 693 2314 et
720 2265 1001 2331 scrupulosa
1044 2265 1270 2313 acumine·
1303 2263 1456 2310 nimio

48 2337 317 2402 praestans,
367 2334 657 2382 immensum
707 2350 944 2400 quantum
990 2335 1226 2382 memoria
1273 2333 1456 2395 vigens,

51 2404 390 2453 benefaciendi
410 2403 598 2460 avidus,
628 2405 896 2468 plenusque
917 2404 1026 2450 iusti
1047 2402 1257 2450 consilii:
1291 2419 1453 2464 quem,

52 2473 86 2523 fi
107 2474 338 2540 Constans
359 2474 632 2536 Imperator
655 2473 774 2519 olim
796 2491 851 2520 ex
877 2472 1043 2519 adulto
1076 2472 1270 2534 iamque
1303 2483 1455 2517 inatu-

54 2562 158 2590 rum
180 2542 370 2590 audiret
387 2541 587 2588 honesta
612 2538 894 2588 suadentem
927 2555 972 2588 et
997 2554 1151 2598 recta,
1185 2538 1340 2597 nulla,
1377 2539 1454 2584 vel

55 2613 191 2658 venia
213 2625 343 2658 certe
373 2609 517 2674 digna
538 2609 788 2674 peccall'et.
860 2610 907 2657 Is
931 2606 1229 2674 praeposltus
1256 2606 1483 2657 euhion-6

103 2777 145 2820 2)
170 2773 238 2808 Ms.
270 2774 332 2808 ubi
368 2772 540 2821 paulatim
569 2800 574 2805 .
606 2797 613 2806 .
643 2798 649 2806 .
685 2798 690 2806 .
722 2770 840 2806 anuh-s
869 2796 1073 2804 ......
1103 2761 1291 2805 rationem.
