1727 3144
300 155 722 187 CONSTAN‘rms
753 154 826 194 ΕΤ
860 153 1179 186 ιυιιΑΝιιε,
1254 142 1371 187 558.
1467 141 1560 200 159

161 263 256 312 suis
290 265 546 329 mancipiis
574 265 820 312 arbitrati:
853 269 989 329 'quae
1009 262 1318 328 deplorantes
1338 266 1445 328 post
1479 266 1568 313 im-

162 348 398 398 petratam
417 333 607 382 veniam
629 333 812 399 recepti
837 333 888 381 iu
917 332 1098 395 fidem,
1140 333 1401 397 poscebant
1432 353 1567 397 prae-

160 403 281 450 lidia
308 403 527 452 liberati:
585 403 638 468 ¹³)
674 420 856 467 eosque
890 402 1148 467 iniquitate
1188 402 1258 449 rei
1300 417 1566 466 pennotus,

161 470 266 534 ins}
273 487 460 520 ectaute
491 472 626 520 omni
656 473 895 532 exercitu,
936 484 1233 519 convocatos
1271 471 1568 536 adloquutus

163 542 323 589 vezhis
353 541 662 588 mollioribus
694 541 991 605 Imperator,
1041 540 1164 587 nulli
1194 539 1284 587 nist
1306 538 1399 588 fibi
1434 541 1570 587 duci-

161 609 353 675 busque
373 610 604 658 Romanis
622 612 680 674 ¹⁴)
699 627 870 674 parere
890 610 1153 674 praecepit.
1223 610 1389 675 Atque
1413 624 1467 657 ut
1500 628 1570 657 re·
1581 627 1638 658 20

163 678 347 726 stitutio
398 679 635 726 libertatis
689 678 891 727 haberet
931 677 1180 742 dignitatis
1236 692 1568 743 augmentum,

165 746 352 794 Zizaim
379 765 543 811 regem
573 746 748 794 iisdem
774 747 1038 812 praefecit,
1084 746 1375 811 conspicuae
1416 748 1571 795 fortu-

164 834 254 864 nae
287 830 393 863 tum
421 815 686 880 infiguibus
715 831 882 881 aptum
913 818 1164 881 profecto,
1203 830 1258 863 ut
1287 835 1360 864 res
1381 816 1568 879 docuit,

165 898 215 932 et
268 884 493 933 fidelem:
549 903 639 933 nec
666 884 918 934 discedere
973 886 1231 950 quisquam
1284 886 1391 950 post
1448 885 1570 933 haec

165 955 216 1019 ¹⁵)
235 953 443 1018 gloriose
464 954 587 1019 gesta
611 953 858 1019 permiss'us
879 955 971 1016 est,
1003 969 1264 1019 antequam
1285 962 1359 1020 (ut
1380 956 1573 1022 placue-

166 1026 260 1088 rat)
301 1038 575 1071 remearent
612 1023 763 1070 nostri
811 1024 1008 1090 captivi.
1099 1024 1191 1072 His
1223 1023 1272 1071 in
1313 1025 1636 1071 barbarico-22

165 1092 329 1156 gestis,
363 1093 707 1158 Bregetionem
726 1093 875 1140 castra
897 1108 1145 1142 commota
1173 1092 1304 1140 suut:
1340 1107 1395 1141 ut
1429 1093 1572 1140 etiam

164 1162 235 1208 ibi
259 1162 376 1208 belli
397 1161 689 1218 Quadorum
709 1162 936 1227 reliquias
952 1199 965 1223 ,
999 1162 1128 1210 circa
1150 1163 1261 1210 illos
1287 1163 1574 1225 agitantium

166 1243 377 1287 tractus,
419 1232 656 1295 lacrymae
690 1232 768 1278 vel
800 1231 990 1292 sanguis
1024 1232 1355 1293 exstingueret.
1439 1230 1577 1286 Quo-

166 1317 274 1344 rum
297 1299 467 1363 regalis
487 1299 782 1347 Vitrodorus
806 1300 1026 1345 Viduarii
1046 1299 1174 1346 filius
1202 1299 1352 1362 regis,
1386 1313 1433 1345 et
1459 1299 1577 1362 Agi-

165 1367 415 1414 limundus
435 1367 747 1430 subregulus,
778 1367 956 1430 aliique
981 1368 1237 1431 optimates
1257 1405 1268 1426 ,
1312 1382 1359 1415 et
1385 1366 1572 1415 iudices

168 1436 312 1483 variis
332 1435 527 1500 populis
547 1434 868 1500 praefidentes
885 1473 896 1495 ,
932 1434 1030 1483 viso
1064 1437 1280 1483 exercitu
1307 1437 1357 1482 in
1385 1436 1572 1499 gremio

170 1505 306 1569 regni
340 1504 530 1570 solique
564 1504 813 1567 genitalis,
856 1503 944 1550 sub
976 1504 1204 1566 grellibus
1233 1506 1422 1552 iacuere
1451 1505 1577 1551 mili-

170 1588 302 1635 tum,
344 1588 390 1621 et
425 1572 590 1635 adepti
622 1573 812 1618 veniam
841 1571 957 1618 iuffa
980 1573 1225 1619 fecerunt:
1256 1572 1577 1637 sobolemque

170 1643 302 1689 suam
324 1641 567 1689 obfidatus
590 1641 819 1704 pignore,
842 1654 909 1686 vut
931 1639 1251 1704 obl'equuturi
1278 1642 1578 1688 conditioni-

157 1712 262 1758 -lms
300 1709 564 1775 impolitis,
618 1708 949 1756 tradiderunt:
1004 1709 1290 1774 eductisque
1336 1711 1583 1758 mucroni-

172 1780 293 1840 bus,
338 1797 460 1842 quos
490 1797 582 1845 pro
610 1779 894 1829 numinibus
924 1780 1118 1843 colunt,
1151 1779 1370 1828 iuravere
1395 1780 1442 1828 se
1473 1797 1580 1844 per-

173 1847 424 1896 mansuros
446 1849 496 1894 in
522 1848 635 1896 fide.

268 1918 371 1967 XII
384 1918 420 1963 l.
453 1917 543 1963 His
565 1919 639 1981 (ut
661 1931 903 1977 narratum
926 1914 1011 1981 est)
1030 1915 1413 1978 secundo-finitis
1438 1934 1577 1965 even-
1593 1931 1613 1957 1

176 2000 251 2048 tu,
291 1985 353 2033 ad
383 1987 419 2051 ¹)
448 1985 744 2050 Limigantes
783 1987 1027 2034 Sarmatas
1066 1985 1228 2034 servos
1271 1986 1407 2033 ocius
1449 1986 1579 2051 ligna

176 2056 425 2103 transferri
451 2056 633 2102 utilitas
665 2056 861 2120 publiea
895 2056 1166 2120 flagitabat,
1214 2074 1337 2119 quos
1371 2070 1472 2103 erat
1503 2056 1584 2101 ad-

174 2124 379 2172 modum
401 2123 557 2185 nesas‚
585 2125 785 2189 impune
811 2126 960 2171 multa
983 2138 1029 2171 et
1059 2124 1239 2171 nefaria
1272 2122 1577 2189 perpetrass'e.

177 2193 302 2241 Nam
330 2192 462 2239 velut
483 2194 624 2239 obliti
650 2195 896 2258 priorum,
934 2208 1049 2240 tuuc
1074 2193 1440 2258 erumpentibus
1461 2192 1582 2239 libe-

178 2263 270 2323 iis,
308 2260 398 2325 ipsi
428 2279 625 2325 quoque
658 2277 848 2327 tempus
882 2261 1170 2327 aptissimum
1192 2262 1344 2321 naeti,
1375 2261 1583 2307 limitem

176 2298 441 2396 per’rupere
470 2330 766 2392 Romanum,
812 2330 874 2378 ad
909 2332 1034 2378 hanc
1067 2329 1216 2378 lol1m
1254 2331 1306 2376 fr
1298 2328 1471 2376 audem
1498 2328 1602 2376 do--

179 2399 322 2447 minis
347 2398 441 2445 luis
462 2397 777 2464 hostibusque
800 2399 1085 2448 concordes.
1155 2399 1493 2446 Deliberatum
1517 2398 1621 2445 est2

179 2482 340 2516 tamen
364 2466 416 2513 id
448 2484 645 2531 quoque
663 2469 818 2516 lenius
845 2467 1107 2527 vindicari,
1144 2486 1289 2530 quam
1321 2467 1583 2515 criminum

178 2534 464 2602 magnitudo
489 2534 745 2599 poscebat,
780 2538 1015 2585 hactenus
1035 2535 1220 2583 ultione
1242 2549 1491 2600 porrecta,
1528 2551 1584 2584 ut

234 2723 454 2775 133-9107211.
490 2735 636 2769 eosque.
702 2727 757 2770 ¹4)
791 2723 858 2758 ΜΓ.
897 2734 1057 2770 parcere.
1122 2721 1184 2768 15)
1210 2720 1277 2757 Ms.
1308 2719 1473 2768 gloriosa.
1552 2722 1586 2765 ι)

189 2768 316 2816 Steplx.
350 2769 573 2804 Limitantes.
