1727 3144
559 159 952 192 intianus.
1025 146 1139 192 565.
1412 148 1508 210 567

105 273 225 331 bus,
272 268 408 334 quod
439 269 505 318 ob
535 269 759 318 inertiam
793 268 1000 334 [otiique
1032 267 1323 316 defiderium
1353 271 1511 317 amitti

105 338 361 387 suaderent
381 357 534 404 prope
556 340 674 403 iam]
695 353 829 404 parta
856 357 1002 402 regna
1033 337 1266 385 Pei-fidis:
1310 340 1508 387 flumine

103 409 240 457 laeva
270 409 466 470 relicto,
508 409 723 456 infaustis
757 408 1044 456 ductoribus
1085 407 1315 472 praeviis,
1361 410 1510 454 medi-

103 492 348 526 terraneas
397 478 496 526 vias
540 479 752 543 arripere
781 478 817 543 ³)
850 477 1000 525 citato
1044 475 1299 542 proposuit
1340 476 1507 539 gradu.

104 546 167 596 Et
190 561 440 610 tamquam
462 548 644 595 funesta
662 549 768 595 face
799 547 1032 594 Bellonae
1063 545 1290 592 subiectis
1319 545 1513 607 ignibus
1533 540 1562 597 4

105 616 238 663 exuri
268 630 467 663 cunetas
497 616 690 664 iulserat
722 633 892 676 naves,
931 629 1120 680 praeter
1148 615 1361 661 minores
1396 613 1515 660 duo-

107 684 293 745 decim,
327 703 445 748 quas
469 686 750 748 profuturas
784 683 1053 748 pangendis
1083 684 1316 749 pontibus
1352 681 1516 746 dispo-

106 752 202 800 suit
222 753 336 801 vehi
359 753 600 816 carpentis
619 771 627 798 :
664 751 815 816 idque
833 753 1037 814 putabat
1054 753 1240 800 utiliter
1260 751 1516 812 ordinasse,

106 840 167 869 ne
203 822 369 868 relicta
399 819 556 867 clasfis
585 818 693 867 usui
721 820 942 868 hostibus
975 821 1129 882 foret,
1165 835 1248 868 aut
1268 835 1426 880 certe,
1462 835 1517 866 ut

107 891 168 937 ab
197 889 524 954 expeditionis
558 888 832 954 primordio
862 888 1045 937 factum
1075 891 1170 951 est,
1216 904 1515 937 armatorum

105 960 207 1006 fere
228 959 400 1023 viginti
422 958 575 1006 millia
598 960 650 1006 in
671 957 922 1006 trahendis
951 975 1308 1024 occuparentur
1340 958 1516 1006 iisdem

107 1029 310 1076 navibus
329 1041 378 1075 et
396 1026 636 1092 regendis.

206 1097 363 1158 Dein,
393 1116 505 1143 cuni
524 1111 745 1144 metuens
759 1096 853 1144 fibi
876 1096 1081 1161 quisque
1104 1097 1347 1158 muffaret,
1380 1115 1516 1145 mon·
1535 1102 1564 1146 5

106 1165 649 1231 straretqueperspicua
670 1165 868 1225 veritas,
905 1164 1042 1230 quod
1069 1166 1284 1230 repulsus
1316 1165 1516 1213 forsitan

108 1234 332 1282 ariditate
362 1235 441 1281 vel
469 1234 726 1282 altitudine
755 1234 1025 1294 montium,
1075 1234 1138 1281 ad
1177 1254 1324 1299 aquas
1357 1236 1517 1283 redire

109 1322 210 1351 non
233 1303 414 1368 poterit
436 1304 598 1364 miles,
631 1303 844 1368 tortique
866 1304 1094 1368 perfugae
1118 1319 1282 1368 aperte
1311 1306 1518 1352 fateren-

109 1386 214 1434 tur,
251 1371 298 1420 se
321 1371 567 1430 fefelliffe,
601 1373 842 1420 concursu
861 1373 1072 1419 maximo
1110 1373 1342 1437 exstingui
1371 1373 1518 1420 iuffae

111 1440 220 1488 sunt
240 1443 480 1488 fiammae.
554 1441 617 1488 Et
637 1442 867 1506 quoniam
888 1442 1011 1505 ignis
1046 1456 1211 1489 auctus
1240 1442 1520 1489 immaniter

109 1511 362 1575 plerasque
393 1508 712 1574 consumpsit,
750 1528 836 1556 ΧΠ.
871 1509 1212 1558 tantummodo
1246 1530 1388 1558 naves
1422 1529 1520 1574 po-

110 1593 311 1626 tuerunt
331 1579 539 1626 intactae
566 1577 767 1638 servari,
798 1596 948 1643 quae,
978 1593 1034 1625 ut
1061 1580 1237 1643 pollint
1268 1580 1517 1640 custodiri,

112 1647 350 1696 discretae
371 1646 495 1694 sunt.
568 1646 680 1694 Hoc
701 1648 813 1694 casu
835 1646 999 1707 class'e,
1038 1665 1151 1694 cum
1178 1666 1279 1695 non
1310 1663 1519 1712 oporte—
1538 1648 1568 1690 6

112 1731 212 1777 ret,
259 1716 467 1777 abolita,
519 1716 735 1764 Iulianus
773 1714 1053 1763 consociato
1092 1717 1244 1764 fretus
1287 1718 1518 1779 exercitu,

111 1804 226 1833 cum
246 1799 545 1833 armatortun
561 1785 684 1832 nulli
705 1803 791 1850 per
822 1784 1007 1833 diversa
1041 1786 1083 1850 ⁴)
1103 1785 1518 1850 distringerentur,

110 1871 319 1903 numero
343 1853 509 1918 potior
530 1853 594 1902 ad
610 1854 840 1902 interiora
867 1853 1127 1916 tendebat,
1163 1855 1391 1903 alimenta
1425 1855 1521 1902 ad-

109 1925 250 1972 fatim
277 1923 521 1988 opulentis
547 1922 915 1988 suggerentibus
936 1923 1074 1970 locis.

209 1994 324 2051 Quo
350 1991 575 2057 cognito,
608 1992 794 2055 hostes,
824 2008 880 2040 ut
907 1991 1071 2039 inedia
1101 2011 1190 2041 nos
1223 1994 1513 2054 cruciarent,
1538 2011 1567 2055 7

110 2062 289 2111 herbas
310 2080 423 2109 cuni
444 2060 621 2110 adultis
641 2060 885 2127 segetibus
912 2062 1233 2110 incenderunt
1252 2082 1260 2108 :
1305 2077 1352 2110 et
1385 2080 1515 2109 con-

112 2131 400 2196 flagratione
433 2130 700 2194 procedere
745 2132 907 2192 vetiti,
944 2131 1124 2179 stativis
1161 2132 1348 2190 castri-5,
1398 2130 1517 2176 dum

114 2202 340 2266 flammae
360 2197 676 2260 senescerent,
709 2201 744 2267 ⁵)
770 2203 1070 2249 tenebamur.
1136 2199 1520 2262 Insultantesque

116 2269 262 2317 nobis
296 2266 492 2331 longius
524 2267 720 2330 Persae,
768 2289 899 2318 nunc
929 2269 990 2318 de
1008 2268 1240 2316 industria
1260 2266 1307 2314 se
1329 2267 1520 2313 diffun-

117 2338 327 2398 debant,
356 2336 617 2400 aliquoties
639 2338 904 2387 confertius
927 2338 1216 2387 resistentes:
1260 2350 1315 2382 ut
1344 2335 1520 2400 procul

116 2405 511 2472 conspicantibus
538 2405 818 2455 viderentur
838 2407 1077 2456 adveniss'e
1096 2407 1192 2452 iam
1221 2404 1343 2468 regis
1374 2403 1519 2450 auxi-

117 2476 210 2538 lia,
239 2475 455 2539 ideoque
486 2493 569 2522 cos
600 2476 952 2525 aestimaremus
985 2473 1187 2538 erupiffe
1223 2472 1286 2519 ad
1313 2472 1518 2520 audaces

121 2543 346 2593 excursus
381 2557 429 2592 et
463 2543 654 2591 insolita
684 2559 993 2594 tentamenta.
1074 2541 1325 2589 Maerebat
1358 2556 1518 2589 tamen
1539 2546 1567 2588 8

121 2616 189 2664 ob
207 2614 330 2662 haec
349 2613 624 2678 Imperator
643 2627 688 2661 et
709 2615 872 2676 miles,
903 2611 1040 2680 quod
1060 2629 1148 2659 nec
1170 2609 1521 2659 contabulandi

170 2781 208 2825 3)
238 2778 306 2813 ΜΓ.
336 2777 457 2813 charo.
508 2780 546 2823 4)
572 2779 624 2812 al.
653 2777 917 2815 distinerentur.
970 2777 1011 2822 5)
1039 2775 1090 2808 al.
1114 2773 1327 2809 nitebamur.
