1727 3144
186 144 282 188 558
425 153 699 184 anxir-xxi.
733 151 1122 181 MARCELLINI
1164 152 1294 196 xxx,
1335 141 1381 182 8.

189 267 296 332 post
315 261 719 325 interrogationes
740 260 946 308 funestas
975 259 1222 308 nonnullis
1254 259 1472 326 adusque
1503 262 1598 310 dis.

188 336 392 384 crimina
415 333 536 380 vitae
560 330 764 376 vexatis:
801 343 848 375 et
866 329 932 375 ita
952 343 1052 377 erat
1093 329 1285 376 effufior
1321 330 1384 377 ad
1416 350 1596 379 nocen-

189 407 332 466 dum,
367 417 423 450 ut
444 401 631 448 nullum
652 397 915 461 aliquando
937 398 1276 446 damnatorum
1299 400 1469 464 eapitis
1506 402 1597 448 eri-

185 489 325 539 peret
344 485 501 520 morte
522 466 888 531 subscriptionis
911 468 1071 531 elogio
1092 467 1214 529 leni,
1245 486 1358 514 cum
1376 469 1430 515 id
1451 470 1597 517 etiam

142 539 174 593 4
191 543 442 606 Principes
464 537 710 586 interdum
734 537 892 584 fecere
912 535 1178 584 saevissimi.
1249 538 1404 602 Atqui
1435 539 1597 602 potuit
1656 564 1660 567 ·

188 612 406 675 exempla
435 609 585 655 multa
615 606 838 654 contueri
868 606 1136 668 maiorum⁷
1179 619 1226 652 et
1255 605 1435 653 imitari
1463 625 1599 672 pere-

185 684 321 745 grina
353 694 495 742 atque
538 677 725 723 interna
766 674 1080 722 humanitatis
1119 688 1166 721 et
1207 674 1427 737 pietatis,
1482 694 1599 740 quas

188 751 424 813 sapientes
457 745 834 808 consanguineas
877 744 916 807 ²)
946 744 1181 791 virtutum
1223 744 1314 791 ess'e
1359 743 1601 793 definiunt

185 821 369 866 bonas:
420 835 444 862 e.
477 816 654 879 quibus
690 812 809 859 haec
841 810 1047 858 sufficiet
1085 812 1219 874 poni.
1315 817 1598 862 Artaxerxes
1634 844 1638 845 ν

185 887 440 934 Persarum
473 885 553 929 ille
589 899 670 927 rex
707 879 1082 943 potentillimus,
1115 898 1259 942 quem
1287 880 1600 930 Macrochira

185 955 394 1004 membri
419 952 562 997 unius
589 948 844 1009 longitudo
871 949 1274 994 commemoravit
1292 986 1304 1008 ,
1338 950 1599 1014 supplicio.

185 1044 293 1072 rum
325 1022 611 1074 varietates,
660 1034 777 1078 quas
808 1016 941 1061 natio
975 1013 1164 1078 semper
1194 1019 1404 1064 exercuit
1428 1019 1597 1082 cruda,

182 1093 381 1140 lenitate
414 1088 622 1153 genuina
655 1084 910 1147 castigans,
941 1082 1084 1130 tiaras
1111 1083 1173 1131 ad
1201 1084 1357 1132 vicem
1379 1090 1594 1152 capitum

185 1162 481 1226 quibusdam
515 1153 670 1202 noxiis
701 1153 1006 1216 amputabat:
1055 1166 1102 1199 et
1132 1170 1191 1200 ne
1232 1151 1413 1203 secaret
1456 1175 1594 1206 aures

182 1248 322 1278 more
344 1228 490 1287 regio
525 1242 612 1289 pro
647 1221 861 1282 delictis,
905 1239 960 1268 ex
993 1221 1164 1285 galeris
1209 1222 1290 1269 fila
1334 1224 1596 1288 pendentia

180 1297 523 1364 praecidebat:
558 1311 681 1359 quae
704 1290 1021 1355 temperantia
1053 1309 1245 1338 morum
1274 1293 1341 1339 ita
1372 1295 1600 1343 tolerabi-

183 1372 280 1417 lem
305 1386 418 1415 eum
436 1364 554 1412 fecit
575 1377 621 1410 et
644 1359 1001 1420 verecundum,
1037 1374 1092 1407 ut
1120 1359 1452 1410 adnitentibus
1481 1383 1597 1412 cun-

185 1439 275 1486 ctis
300 1437 476 1483 multos
505 1447 552 1481 et
574 1431 821 1479 mirabiles
842 1443 975 1476 actus
999 1429 1225 1492 impleret
1252 1431 1453 1479 Graecis
1484 1432 1598 1481 scri..

137 1515 166 1560 5
191 1507 410 1573 ptoribus
465 1503 751 1551 celebratos.
847 1498 1152 1546 Praenestino
1201 1514 1450 1563 praetore,
1505 1503 1590 1567 qui

182 1577 314 1624 bello
339 1573 552 1639 quodam
577 1567 848 1618 Samnitico
877 1586 1136 1631 properare
1158 1567 1303 1615 iuffus
1333 1570 1393 1616 ad
1421 1571 1594 1635 praefi-

184 1646 321 1693 dium
351 1656 543 1691 venerat
569 1639 786 1702 segnius,
830 1638 891 1683 ad
924 1638 1108 1684 crimen
1139 1636 1425 1685 diluendum
1461 1636 1594 1688 exhi-

181 1717 315 1775 bito,
348 1712 573 1776 Papirius
606 1707 784 1757 Cursor
814 1725 865 1754 ea
900 1706 1179 1769 tempestate
1223 1706 1431 1760 dictator
1458 1708 1590 1756 secu.

182 1801 285 1830 rem
308 1801 392 1846 per
418 1782 643 1828 lictorem
666 1775 910 1841 expediri,
947 1775 1246 1841 homineque
1270 1777 1457 1824 abiecta
1480 1797 1592 1842 pur-

183 1851 329 1916 gandi
360 1851 405 1897 se
435 1849 615 1896 fidncia
648 1847 944 1909 stupefacto,
987 1844 1142 1892 visum
1177 1863 1329 1909 prope
1359 1847 1588 1894 fruticem

179 1919 306 1966 inssit
339 1917 548 1964 abscidi:
595 1917 790 1978 hocque
820 1915 918 1961 ioci
949 1932 1137 1978 genere?
1159 1914 1437 1977 castigatum
1476 1934 1586 1963 eum

180 1987 409 2048 absolvit,
443 2003 539 2031 non
562 1984 675 2029 ideo
696 1983 730 2045 3)
751 1997 1086 2045 contemptus,
1123 1997 1176 2028 ut
1205 1983 1290 2045 qui
1321 1984 1446 2029 bella
1479 1984 1587 2031 diu-

180 2072 321 2104 turna
352 2073 438 2119 per
466 2052 511 2100 se
546 2052 786 2115 superavit
818 2064 864 2095 et
892 2051 1079 2112 gravia,
1123 2050 1251 2097 solus
1287 2051 1350 2097 ad
1377 2052 1586 2100 refisten-

181 2126 299 2173 dum
331 2138 470 2188 aptus
502 2118 780 2168 Alexandro
814 2118 1019 2182 Magno,
1066 2118 1101 2164 sl
1125 2119 1345 2165 calcassct
1376 2121 1584 2183 Italiam,

135 2195 463 2243 6aestimatus.
543 2190 679 2236 Haec
711 2186 907 2234 forfitan
939 2187 1308 2235 Valentinianus
1339 2189 1582 2252 ignorans,

179 2264 480 2326 minimeque
513 2273 738 2324 reputans
776 2256 960 2303 adflicti
1000 2255 1164 2303 solatia
1205 2257 1349 2303 status
1393 2257 1583 2323 semper

181 2333 272 2381 ess'e
302 2329 626 2379 lenitudinem
654 2326 962 2389 Principum,
1018 2344 1193 2389 poenas
1227 2344 1312 2390 per
1338 2327 1472 2390 ignes
1501 2348 1583 2375 au-

180 2404 324 2466 gebat
354 2415 401 2447 et
431 2398 641 2459 gladios:
685 2396 819 2461 quod
849 2396 1072 2441 ultimum
1111 2395 1160 2440 in
1193 2394 1398 2442 advertis
1437 2399 1580 2444 rebus

180 2469 449 2519 remedium
478 2469 628 2532 pietas
650 2465 828 2530 reperit
851 2465 1114 2524 maiorum,
1159 2478 1212 2510 ut
1235 2463 1456 2511 Isocratis
1485 2485 1582 2513 me-

179 2554 339 2588 morat
358 2535 703 2604 pulchritudo:
735 2534 871 2581 cuius
894 2551 985 2582 vox
1007 2534 1071 2581 est
1090 2547 1324 2599 perpetua
1344 2534 1579 2598 docentis,

224 2729 267 2775 2)
303 2726 373 2762 Ms.
410 2727 591 2805 pirttitulm.
618 2726 686 2804 Γῇ)
718 2723 786 2758 Ms.
819 2736 1020 2760 contuitus
1058 2726 1108 2762 vis
1139 2724 1234 2762 bella
1260 2724 1427 2762 diuturna
1453 2737 1580 2774 parum

181 2799 379 2806 ......
428 2785 480 2806 tus
504 2785 539 2806 a(
578 2783 613 2805 rt?
630 2783 640 2804 l
660 2780 681 2806 ἶ.
