1727 3144
248 177 689 210 cossTANTtns
722 178 796 207 ET
832 176 1143 212 IULIANUS.
1218 165 1333 226 557.
1413 169 1506 213 105

90 287 224 353 giffet
258 286 542 349 adversum,
597 286 801 339 deselta
814 284 1081 349 miserabili
1125 287 1270 351 plebe
1312 290 1405 338 faci
1411 292 1506 340 lem

90 307 380 404 discedendi
428 325 627 422 copiam
680 356 967 421 repetirent.·
1063 356 1178 404 Hoc
1220 375 1505 421 conuento,
1522 373 1580 419 35

91 425 519 473 Chnodomar‘ius
508 440 728 474 lumento
753 425 816 493 ²⁶)
839 425 999 475 statim
1026 424 1246 489 desiluit,
1275 441 1323 475 et
1349 404 1507 476 ¹secuti

44 514 46 517 ·
90 514 202 542 eum
238 495 413 542 residui
447 496 768 548 idem,facere
814 494 942 550 nihil
980 496 1184 543 morati:
1245 515 1336 555 nec
1368 497 1508 555 enim

90 582 262 612 eorum
290 566 548 630 quisquam
576 565 856 630 ambigebat
878 578 1068 629 partem
1107 562 1240 627 suam
1277 566 1384 614 fore
1427 566 1507 614 vi—

25 654 28 660 *
89 634 308 680 ctricem.

188 703 317 749 Dato
378 702 529 766 igitur
575 701 900 757 ahenatonum
950 716 1156 750 accentu
1203 701 1506 751 sollemniter
1521 710 1581 755 36

87 770 250 835 ligno,
287 770 349 817 ad
371 771 688 835 pugnandum
718 770 968 836 utrimque
998 772 1184 838 magnis
1213 771 1508 820 concursum

89 840 156 888 est
178 840 379 904 yiribus.
451 840 832 904 Propilabantur
851 841 1066 902 missilia,
1110 855 1158 889 et
1189 855 1506 907 properantes

87 911 186 957 cito
214 928 359 974 quam
378 908 687 958 confiderato
714 909 856 958 cursu
877 911 1135 972 Germani,
1166 913 1359 976 telaque
1381 909 1508 957 dex-

51 979 173 1029 ,tris
227 979 550 1043 explicantes,
611 979 890 1028 involavere
950 980 1228 1028 nostrorum
1282 979 1508 1046 equitum

86 1061 292 1109 turmas,
324 1047 644 1096 fiendentes
632 1049 886 1116 immania·
923 1068 1196 1115 eorumque
1225 1051 1352 1098 ultra
1380 1048 1507 1096 loli·-

85 1131 190 1163 tum
210 1116 527 1165 laevientium
548 1113 717 1168 comae
737 1120 943 1166 fluentes
971 1119 1269 1181 horrebant,
1315 1134 1363 1167 et
1392 1119 1507 1165 elu-

83 1187 226 1233 cebat
248 1185 447 1251 quidam
477 1205 533 1234 ex
555 1188 710 1235 oculis
731 1188 898 1235 furor:
937 1206 1062 1253 quos
1083 1203 1253 1235 contra
1284 1187 1508 1252 pertinax

84 1255 224 1302 miles
252 1255 500 1302 scutorum
530 1255 758 1303 obicibus
788 1257 996 1304 vertices
1028 1270 1222 1319 tegens,
1265 1257 1508 1304 eiectans-

86 1342 181 1388 que
205 1324 418 1387 gladios,
455 1326 531 1370 vel
552 1325 646 1371 tela
677 1324 991 1387 concrispans
1020 1339 1233 1372 mortem
1265 1325 1507 1373 minitan-

83 1395 149 1439 tia
180 1393 497 1456 perterrebat.
580 1393 805 1456 Cumque
840 1393 890 1437 in
922 1391 1028 1456 ipso
1053 1394 1356 1456 proeliorum
1378 1393 1504 1450 arti-7
1520 1403 1578 1459 57

84 1463 198 1508 culo
221 1479 368 1525 eques
388 1459 435 1508 fe
455 1460 650 1507 fortiter
669 1475 950 1508 contu11na1
955 1475 1026 1522 et,
1060 1476 1108 1508 et
1128 1463 1290 1509 munii
1295 1478 1342 1510 et
1358 1464 1506 1510 latera

82 1530 162 1577 sua
190 1530 379 1577 firmius
403 1529 577 1594 pedes,
609 1530 825 1576 frontem
846 1529 1084 1576 artissimis
1105 1531 1363 1581 conferens
1370 1551 1505 1609 pai—

81 1600 201 1646 ntis:
259 1599 575 1664 erigebantur
613 1597 749 1644 ciaffi
789 1597 1004 1660 pulveris
1047 1599 1229 1660 nubes,
1281 1601 1504 1664 variique

78 1670 217 1716 suere
251 1665 519 1728 discursus,
556 1685 687 1713 nunc
720 1664 1073 1727 refifientibus,
1106 1686 1237 1715 nunc
1271 1668 1507 1717 cedenti-

81 1739 174 1784 hus
196 1737 366 1785 nostris
385 1754 394 1783 :
431 1749 479 1784 et
502 1735 672 1784 obnixi
688 1735 894 1800 genibus
915 1734 1115 1798 quidam
1136 1737 1332 1784 barbari
1361 1738 1504 1803 peri-

85 1807 245 1853 tissimi
266 1806 527 1854 bellatores
552 1804 740 1852 hostem
763 1805 1041 1869 propellere
1061 1806 1381 1855 laborabant:
1416 1807 1504 1855 sed

85 1874 402 1923 destinatione
422 1874 573 1929 nimia
595 1873 821 1922 dexterae
843 1873 1054 1922 dexteris
1075 1874 1422 1938 miscebantur,
1457 1891 1505 1926 et

85 1946 236 1991 umbo
258 1944 489 1991 trudebat
508 1944 806 1990 umbonem:
842 1944 1133 2009 caelumque
1162 1944 1504 1994 exsultantium

83 2013 465 2078 cadentiumque
489 2012 744 2060 resonabat
762 2032 786 2059 a
810 2013 1017 2062 vocibus
1040 2015 1251 2078 magnis:
1305 2030 1352 2062 et
1387 2035 1501 2064 cum
1562 2071 1564 2073 ,

85 2078 240 2129 cornu
293 2082 533 2129 finil'trum
597 2083 741 2129 altius
795 2081 1046 2147 gradiens,
1101 2085 1381 2147 urgentium
1427 2098 1503 2132 tot

86 2152 273 2215 agmina
295 2154 653 2198 Germanorum
678 2151 725 2198 vi
744 2152 895 2199 nimia
913 2152 1195 2216 pepulill'et,
1232 2153 1423 2217 iretque
1450 2154 1500 2200 in

86 2221 318 2269 barbaros
360 2221 600 2281 fremens,
648 2221 838 2285 equites
890 2221 1038 2268 nostri
1078 2239 1235 2269 cornu
1282 2236 1501 2269 tenentes

89 2288 343 2350 dextrum,
410 2304 602 2366 puaeter
654 2289 790 2354 spem
846 2290 1099 2338 incondite
1158 2290 1498 2340 discess'erunt:

87 2359 302 2421 dumque
357 2358 503 2422 primi
559 2359 642 2405 fu‘r
616 2358 851 2423 gientlum
897 2361 1165 2423 postremos
1203 2359 1500 2423 impediunt,

89 2429 274 2491 gremio
294 2429 544 2491 legionunl
568 2429 802 2491 protecti,
837 2431 1047 2476 fixerunt
1078 2429 1317 2491 intcgiato
1345 2446 1500 2492 ploe-

87 2497 155 2542 lio
189 2496 408 2560 gradum.
491 2496 603 2543 Hoc
635 2511 794 2545 autem
828 2498 1002 2545 exinde
1037 2496 1301 2557 acciderat,
1346 2497 1496 2560 quod,
1514 2500 1573 2545 58

91 2565 209 2611 dum
234 2565 463 2613 ordinum
488 2565 752 2613 restituitur
779 2566 949 2627 series,
989 2566 1284 2630 cataphracti
1313 2566 1500 2630 equites

91 2633 191 2681 vil'o
227 2649 413 2682 rectore
433 2633 520 2681 suo
544 2634 716 2682 leviter
736 2636 988 2683 vulnerato
1002 2671 1016 2692 ,
1053 2649 1100 2683 et
1118 2633 1341 2683 consorte
1364 2655 1500 2701 quo-

140 2799 198 2843 26)
223 2798 291 2832 Ms.
321 2797 449 2834 statim.
478 2832 481 2837 ,
