1727 3144
223 129 480 162 VALENT.
527 132 653 164 vAL.
699 133 770 163 ET
813 133 1111 166 GRATIAN.
1183 123 1298 182 571.
1409 125 1469 170 521⁶
1456 125 1506 170 >3
1570 128 1572 130 ’

202 239 296 286 His
317 240 448 287 velut
468 241 691 289 obicibus
710 242 900 290 barbari
933 243 993 290 ab
1025 245 1347 308 oppugnanda
1377 248 1498 296 urbe
1520 271 1570 298 ιε

103 306 313 371 depulfi,
347 328 515 373 patum
546 310 607 357 ad
630 311 716 357 has
736 311 1022 360 calliditates
1048 313 1314 360 dimicandi
1339 313 1500 362 sollei-

102 390 200 437 tes,
257 377 551 442 salcinisque
586 379 813 443 impediti
855 380 1170 444 praedarum,
1218 381 1279 427 ad
1315 382 1501 446 Equitii

99 459 356 494 vertuntur
383 447 678 511 indaginem.
759 448 822 495 Et
851 466 962 496 cum
999 449 1061 497 ad
1099 450 1319 497 Valeriae
1350 449 1499 513 spatia

96 513 179 559 lon
165 532 243 578 ge
265 530 450 563 lemota
468 515 696 564 lecesfiss'e
713 531 967 581 captoium
991 517 1264 566 didicissent
1287 517 1499 580 indiciis,

26 632 29 635 ³
96 581 214 629 illuc
241 598 504 648 properato
525 586 810 663 petierant„
785 584 938 633 oradu
962 585 1264 652 fimendentes
1306 586 1498 651 hacque

95 668 152 696 ex
185 651 323 698 causa
352 653 519 717 iugulo
551 654 653 701 eius
679 654 878 714 intenti,
929 655 1066 718 quod
1092 673 1180 719 per
1211 655 1369 720 ipsum
1408 675 1498 702 eir-

89 735 404 767 eumventum
423 739 585 785 regem
606 721 938 768 existimabant
966 721 1221 769 insontem.
1303 724 1496 780 Quibus
1518 732 1566 776 13

90 789 287 835 concito
318 788 460 835 cursu
491 789 742 836 ruentibus
775 788 1018 851 infestius,
1059 790 1251 842 obviam
1283 792 1494 854 legiones

88 870 250 903 motae
281 855 390 903 sunt
420 856 568 917 duae,
614 856 893 904 Pannonica
928 872 976 904 et
1014 858 1282 917 Moefiaca,
1335 859 1493 906 valida

86 926 282 988 praeliis
311 943 508 971 manus:
549 944 697 990 quae,
741 925 777 971 fi
805 925 1140 991 conspirasset,
1180 929 1363 976 abierat
1382 946 1493 992 pro-

87 994 168 1040 cul
197 994 351 1056 dnbio
386 993 573 1041 victrix.
598 1030 601 1033 -
657 993 758 1041 Sed
787 993 906 1041 dum
935 993 1182 1042 discretim
1210 996 1489 1059 grassatores

83 1061 269 1109 adoriri
300 1063 547 1124 festinant}
592 1063 710 1109 ortis
742 1062 868 1110 inter
892 1061 940 1110 se
970 1063 1228 1111 discordiis
1262 1065 1487 1129 impediti

85 1129 146 1179 de
180 1132 371 1179 honore
399 1134 650 1178 certabant
676 1145 724 1178 et
753 1130 1002 1195 dignitate.
1085 1133 1200 1188 Quo
1238 1135 1486 1181 intellecto
1509 1137 1561 1194 14

80 1200 328 1247 Sarmatae
352 1199 660 1263 sagacislimi,
690 1218 790 1248 non
812 1199 1084 1265 exspectato
1104 1202 1322 1248 certandi
1351 1201 1485 1266 [igno

78 1267 326 1331 sollemni,
373 1268 667 1317 Moefiacam
698 1269 908 1333 primam
947 1269 1211 1317 incell'unt:
1269 1270 1485 1334 dumque

78 1338 257 1385 milites
279 1357 409 1385 arma
430 1337 613 1386 tardius
633 1356 720 1403 per
742 1339 1004 1385 tumultum
1027 1339 1307 1403 expediunt,
1340 1340 1485 1385 inter-

75 1407 217 1453 sectis
235 1407 458 1471 plurimis
488 1408 618 1455 aucti
644 1406 848 1466 fiducia,
889 1408 1040 1454 aciem
1073 1403 1332 1471 perrupere
1363 1407 1486 1454 Pan-

76 1476 334 1523 nonicam:
372 1476 668 1541 disiectaque
689 1476 891 1539 agminis
914 1477 1071 1536 mole,
1108 1477 1360 1539 geminatis
1379 1475 1484 1522 icti-

75 1544 167 1590 bus
186 1562 384 1592 omnem
405 1563 558 1609 paene
580 1545 832 1604 deless'ent,
871 1545 921 1591 ni
953 1545 1171 1609 periculo
1202 1546 1373 1592 mortis
1400 1544 1483 1591 ali-

76 1631 199 1676 quos
220 1614 370 1661 citum
394 1614 662 1662 extraxiss'et
684 1614 931 1678 effugium.
1350 1633 1355 1639 ’

177 1683 313 1729 Inter
359 1683 480 1730 haec
529 1684 753 1731 fortunae
807 1681 1062 1746 dispendia
1108 1679 1328 1729 tristioris
1385 1679 1482 1726 dux
1499 1679 1552 1725 15

73 1749 286 1798 Moeliae
309 1751 644 1799 Theodofius
633 1753 796 1799 iunioi
810 1789 821 1807 ,
862 1752 1014 1815 Ριίωει
1040 1751 1184 1799 etiam
1220 1764 1320 1796 tum
1345 1749 1480 1795 lanu-

3 1851 29 1879 ,
71 1820 180 1882 gine
201 1820 418 1882 iuvenis,
455 1820 691 1885 Princeps
714 1820 877 1884 postea
901 1819 1334 1884 peilpectislimus‚
1368 1816 1480 1864 Sar-

72 1901 221 1933 matas
250 1888 458 1936 Liberos
493 1889 553 1936 ad
581 1889 925 1936 discretionem
949 1888 1199 1936 servorum
1220 1884 1477 1932 1ebellium

69 1955 667 2020 adpellatos‚conli1nitia
685 1957 844 2003 noltra
864 1975 919 2004 ex
945 1957 1039 2003 alio
1066 1956 1214 2002 lateie
1245 1953 1473 2000 invaden-

71 2038 167 2082 tes,
227 2026 519 2090 aliquotiens
560 2026 746 2089 expulit
782 2038 829 2071 et
873 2024 1083 2083 adflixit,
1141 2020 1473 2085 congresfibus

69 2092 224 2140 denlis
257 2093 488 2140 adtritos:
529 2093 751 2157 adeoque
781 2091 1058 2139 obsistentes
1088 2090 1340 2138 foitillime
1375 2103 1472 2134 tur-

68 2162 152 2207 bas
175 2164 476 2208 confluentes
492 2161 751 2234 oppieslit,
787 2175 842 2209 ut
867 2160 1114 2212 caesoiuni
1151 2158 1361 2222 [wlmiunt
1393 2157 1476 2202 ali-

68 2244 137 2276 tes
171 2229 288 2276 iuste
320 2226 547 2294 sanguine
584 2229 772 2277 satiaret
803 2244 850 2277 et
882 2230 1023 2276 feras
1112 2226 1257 2273 Unde
1293 2224 1469 2272 iefidui
1489 2230 1540 2275 16

68 2313 257 2345 tumore
290 2299 386 2345 iam
427 2297 720 2362 deflagrante
763 2312 1059 2357 metuentes,
1110 2313 1170 2342 ne
1212 2293 1345 2341 idem
1375 2292 1471 2339 dux

68 2368 282 2427 viantis,
322 2381 376 2413 ut
406 2366 655 2430 adparuit,
699 2366 975 2434 expeditae,
1026 2366 1074 2410 in
1107 2363 1267 2428 “ptimo
1297 2361 1469 2408 finium

66 2434 200 2481 aditu
231 2403 527 2482 iticoemsantes
557 2452 739 2482 cuneos
766 2435 996 2482 sterneret
1025 2447 1104 2479 aut
1143 2432 1358 2493 fugaret,
1394 2430 1473 2476 vel

66 2503 260 2550 infidias
290 2522 376 2568 per
410 2503 634 2551 sslvarum
662 2503 846 2550 locaret
879 2502 1106 2558 occulta,
1147 2499 1253 2564 post
1292 2499 1471 2545 multos

66 2572 417 2636 perrumpendi
462 2585 663 2619 conatus
715 2570 920 2618 subinde
967 2582 1174 2616 tentatos
1223 2566 1468 2626 incaffum,

69 2641 256 2687 abiecta
307 2639 552 2705 pugnandi
598 2638 805 2702 fiducia,
855 2637 1210 2686 concellionem
1260 2635 1469 2699 petivere

69 2711 445 2772 pxwaetmitorum
469 2723 515 2757 et
535 2708 751 2756 veniam:
789 2708 1028 2772 victique
1018 2706 1075 2753 ad
1103 2720 1288 2769 tempus
1314 2703 1471 2749 indul-
