1727 3144
231 141 803 176 'VALENTIN1AN.ET
846 141 1097 175 vsi-,mvsa
1170 130 1284 177 565.
1414 135 1511 179 1425

100 252 286 318 tetigit,
333 252 386 298 in
419 270 514 316 qua
550 251 752 300 statio‘ne
787 251 966 325 petilI'e
991 249 1201 305 diximus
1240 254 1511 320 Iovianum,

99 321 471 400 Hyperechium
493 320 583 367 fibi
605 321 884 385 oppolitum
903 326 1101 383 re'pente
1135 320 1261 367 vidit
1290 341 1402 371 cum
1432 346 1512 376 eo-

97 409 220 455 pus,
277 397 480 438 antehac
531 390 571 455 ²)
611 389 869 447 Castrensis
918 389 1273 454 adparitorem,
1323 394 1404 440 cui
1459 412 1512 445 ut

99 460 257 510 amico
291 459 564 523 Procopius
604 458 780 506 auxilia
830 458 1073 507 ductanda
1114 459 1368 509 commifit.
1450 463 1517 509 Fe

98 527 388 593 dedignatus
409 528 662 576 hominem
689 527 914 592 superare
949 528 1214 576 certamine
1244 528 1512 594 despicabi-

96 567 245 658 lem?2
286 597 587 644 auctoritatis
628 612 676 645 et
719 596 832 644 celfi
873 592 1055 645 fiducia
1094 597 1341 675 corporis,
1397 599 1510 664 ipsis

95 665 317 718 hostibus
338 666 468 713 iussit
487 666 624 712 suum
646 665 830 712 vincire
860 680 1126 713 rectorem.
1158 680 1303 732 atque
1327 668 1391 715 ita
1412 682 1513 715 tur-

93 754 286 782 marum
319 735 651 797 anteliguanus
682 733 956 780 umbratilis
992 734 1027 800 ³)
1054 734 1369 800 comprensus
1401 736 1509 785 suo-

93 823 204 851 rum
238 803 477 851 manibus.

199 872 335 928 Quae
358 870 476 917 dum
496 869 594 918 hoc
613 869 765 918 modo
785 871 1088 936 procedunt,
1132 873 1376 922 Venustus
1400 875 1504 941 qui·
1518 878 1547 921 6

95 939 208 988 dam
229 941 544 1004 laroitionum
564 938 813 1005 adparitor
836 940 927 988 sub
951 943 1179 1003 Valente,
1217 944 1373 991 multo
1397 959 1508 992 ante

90 1009 438 1058 Nicomediam
459 1009 648 1070 mistus,
682 1024 736 1055 ut
767 1028 940 1056 aurum
966 980 1246 1073 susceptiim
1275 1012 1505 1076 stipendii

91 1079 290 1126 nomine
322 1078 560 1125 militibus
590 1096 678 1142 per
711 1077 968 1126 Orientem
1003 1078 1184 1126 difl'ufis
1213 1080 1396 1127 viritim
1423 1082 1507 1128 tri-

89 1149 290 1207 bueret,
329 1147 421 1193 hac
446 1147 635 1193 tristitia
656 1147 850 1212 cognita
869 1148 1078 1195 alienum
1103 1147 1364 1212 pervidens
1387 1164 1505 1197 tem-

89 1235 206 1280 pus,
249 1216 479 1281 Cyzicum
509 1234 623 1262 cum
651 1214 737 1276 iis,
783 1234 907 1281 quae
937 1215 1238 1281 susceperat,
1279 1217 1327 1265 sc
1360 1219 1503 1266 citius

89 1285 315 1332 contulit.
395 1284 498 1330 Ubi
526 1285 653 1331 forte
681 1285 977 1333 Serenianus
1020 1300 1237 1350 repertus
1279 1286 1542 1342 domesti-7

90 1371 266 1401 corum
294 1367 410 1401 tunc
447 1354 647 1414 Comes,
687 1353 850 1400 miffus
882 1353 945 1400 ad
985 1353 1236 1402 thesauros
1277 1356 1503 1415 tuendos,

89 1424 267 1469 urbem
289 1421 662 1486 inexsuperabili
686 1424 937 1470 moenium
962 1424 1150 1470 ambitu
1174 1425 1504 1473 monumentis

95 1509 296 1557 quoque
348 1492 593 1540 veteribus
651 1492 924 1556 cognitam,
980 1493 1133 1539 fretus
1186 1494 1503 1541 tumultuario

93 1559 334 1625 praesidio
364 1560 691 1608 custodiebat:
735 1560 798 1607 ad
828 1578 975 1624 quam
999 1560 1367 1624 expugnandam
1388 1562 1505 1611 Pro-

92 1629 292 1694 copius,
339 1643 420 1691 ut,
454 1628 654 1693 poss'elsa
681 1629 937 1693 Bithynia,
976 1628 1232 1676 sibietiam
1257 1631 1297 1695 ⁴)
1319 1630 1506 1679 Helles-

89 1713 299 1762 pontum
345 1698 595 1762 iungeret,
646 1697 857 1745 validam
911 1696 1230 1745 destinaverat
1284 1717 1499 1746 manum.

89 1766 414 1814 Morabantur
452 1780 614 1816 autem
663 1768 890 1814 effectum
934 1765 1117 1828 sagittis
1160 1780 1209 1814 et
1244 1767 1536 1831 glandibus&

88 1836 391 1900 caeterisque
410 1835 589 1888 ‘iaculis
625 1834 952 1882 obsidentium
984 1834 1127 1899 saepe
1159 1836 1295 1899 globi
1328 1837 1362 1901 ⁵)
1385 1855 1499 1884 con-

86 1905 196 1966 fixi,
229 1919 276 1952 et
294 1917 717 1968 propugnatorum
739 1903 950 1951 sollertia
972 1904 1231 1951 claustrum
1259 1922 1348 1968 per
1374 1920 1499 1953 catc-

86 1992 200 2021 nam
230 1973 439 2021 ferream
466 1972 614 2023 {valde
641 1973 890 2019 robustam
928 1975 1002 2020 ori
1045 1987 1216 2037 portus
1237 1973 1494 2033 ‘insertum7

88 2060 236 2106 quae,
273 2060 334 2089 ne
357 2041 584 2088 rostratae
606 2041 848 2088 irruerent
872 2059 1015 2089 naves
1035 2041 1256 2103 hostiles,
1305 2057 1407 2090 erat
1433 2044 1498 2088 al·

85 2109 320 2158 trinsecus
341 2111 582 2173 colligata.
654 2109 794 2157 Hanc
815 2110 921 2174 post
939 2111 1098 2157 varios
1120 2111 1333 2157 militum
1360 2111 1494 2157 labo-
1507 2127 1532 2165 9

88 2196 164 2226 res
185 2194 232 2226 et
251 2179 432 2225 ducum
447 2215 460 2238 ,
491 2177 806 2241 fatigatorum
827 2180 1074 2226 acerrimis
1097 2179 1295 2243 proeliis
1310 2216 1322 2239 ‚
1356 2178 1495 2226 Aliso

88 2247 292 2313 quidam
331 2245 557 2293 tribunus
595 2245 828 2308 abscidit,
876 2247 916 2313 ⁶)
953 2247 1160 2295 exsertus
1199 2248 1408 2294 bellator
1448 2263 1495 2295 et

86 2316 330 2383 prudens,
375 2314 473 2362 hoc
503 2313 675 2361 modo.
760 2316 1047 2363 Coniunctis
1086 2316 1239 2362 tribus
1273 2316 1494 2379 navigiis,-

86 2385 379 2433 testudinem
396 2383 490 2430 hac
509 2381 667 2446 specie
686 2381 1011 2448 superstruxit.
1082 2382 1304 2431 Dcnl'atis
1321 2385 1494 2432 cohae-

88 2469 248 2502 rentes
265 2453 409 2518 supra
431 2452 587 2515 capita
617 2450 789 2513 scutis,
831 2453 978 2517 primi
1009 2452 1228 2499 transtris
1258 2453 1496 2500 instabant

89 2523 289 2581 armati,
325 2522 405 2570 alii
430 2520 535 2586 post
556 2519 648 2567 hos
668 2519 819 2570 semet
841 2535 1093 2571 curvantes
1115 2520 1349 2568 humilius
1364 2559 1378 2584 ,
1405 2538 1497 2570 ter-

135 2711 177 2754 2)
205 2709 272 2743 Ms.
309 2707 514 2745 Castrensis
583 2707 719 2754 ⁵5)Ms.
750 2721 895 2756 rom-pr
883 2706 981 2742 rsus.
1033 2706 1070 2752 4¹)
1106 2704 1172 2741 ΜΓ.
1200 2705 1306 2742 bellis
1330 2717 1494 2756 pontum.

90 2762 127 2800 5)
161 2757 211 2789 al.
243 2756 392 2793 confusi.
440 2756 478 2802 6
505 2752 573 2789 Ms.
604 2753 764 2788 exseitas.
