1727 3144
1493 103 1510 111 a

240 161 502 200 VALENT.
534 162 666 195 VAL.
695 162 767 193 ET
805 162 1092 194 enarum.
1165 152 1278 210 575.
1396 155 1493 217 557

90 271 366 320 libertatem
388 285 435 319 et
456 272 669 337 quietem
693 273 898 321 restituit
920 271 1187 338 placidam,
1224 277 1359 325 nullo
1386 297 1496 343 pae.

91 358 153 389 ne
177 340 336 388 redire
366 340 592 404 permiss'o
619 342 930 405 grassatorum
949 341 1010 388 ad
1031 340 1126 389 sua.

184 409 412 457 Efficacia
451 411 555 474 pari
594 411 909 459 Valentinum
952 427 1149 476 quoque
1189 410 1491 464 Pannonium
1511 440 1563 469 10

93 477 329 539 exsulem,
368 496 455 542 per
484 479 568 525 has
603 480 876 544 provincias
906 480 1187 527 molientem
1216 481 1370 528 otium
1401 498 1494 531 tur-

89 548 208 595 'bare
240 566 529 610 commune,
568 562 826 614 antequam
855 548 1106 614 negotium
1153 550 1496 615 effervesceret,

94 615 338 681 opprellit.

191 686 407 732 Africam
458 684 636 732 deinde
688 686 818 732 malo
870 686 1124 750 repentino
1165 689 1521 751 perturbatam·

38 767 41 772 ·
92 751 456 800 discriminibus
484 754 670 815 magnis
699 754 901 800 exemit:
938 772 1050 800 cum
1096 771 1292 803 voraces
1323 759 1496 807 milita-

87 822 212 868 rium
236 821 378 867 fastus
401 822 525 866 ferre
546 821 780 884 nequiens
801 821 1020 882 Firmus,
1049 822 1110 869 ad
1134 841 1301 871 omnes
1329 826 1499 874 diffen-

87 888 479 936 fionum.motus
524 889 802 952 perflabiles
852 905 1017 954 gentes
1056 891 1296 940 Mauricas
1336 895 1500 944 conci-

91 957 239 1005 taII'et.

190 1026 451 1090 Similique
472 1024 761 1073 fortitudine
783 1024 943 1074 clades
974 1027 1356 1090 ingemiscendas
1389 1031 1502 1097 Illy-

88 1095 180 1143 rici
197 1094 505 1155 vindicass'et,
543 1094 595 1140 ni
617 1109 775 1143 morte
795 1111 1084 1160 praeventus
1107 1098 1369 1163 reliquisset
1394 1118 1505 1155 rem¹¹

91 1162 266 1213 feriam
296 1164 650 1228 imperfectam.

191 1233 266 1280 Ac
289 1233 404 1280 licet
431 1250 578 1296 opera
608 1231 963 1296 praestabilium
986 1231 1166 1281 ducum
1190 1235 1340 1298 haec,
1377 1254 1497 1302 quae
1516 1263 1562 1291 11

91 1303 374 1363 retulimus,
410 1300 741 1349 consummata
768 1300 898 1347 sunt:
935 1316 1095 1350 tamen
1116 1304 1272 1367 ipsum
1300 1323 1498 1370 quoque

92 1370 204 1419 satis
235 1371 443 1432 constat,
493 1385 548 1417 ut
579 1384 680 1417 erat
720 1369 970 1434 expeditae
1006 1373 1179 1419 mentis
1211 1373 1397 1439 usuque
1427 1393 1499 1421 ca-

92 1439 279 1488 strenfis
306 1439 490 1503 negotii
517 1438 748 1486 diuturno
776 1441 1017 1490 firmatus.
1055 1440 1195 1504 egiffe
1220 1444 1496 1507 complura:

91 1508 220 1557 inter
250 1526 372 1573 quae
403 1507 527 1554 illud
560 1509 750 1556 elucere
780 1508 953 1555 clarius
995 1510 1177 1572 potuit,
1224 1511 1259 1556 fi
1296 1512 1499 1559 Macria-

94 1596 212 1627 num
235 1595 397 1639 regem
417 1595 471 1624 ea
492 1577 772 1638 tempestate
793 1578 1060 1624 terribilem
1075 1615 1088 1638 ,
1131 1579 1295 1626 vivum
1328 1598 1498 1644 capere

91 1645 347 1713 potuilset‚
401 1660 456 1693 ut
488 1645 720 1692 industria
758 1664 929 1710 magna
967 1661 1190 1709 tentarat,
1246 1648 1500 1713 postquam

96 1733 209 1764 eum
237 1714 424 1762 evaliffe
459 1714 494 1776 ³)
524 1713 861 1778 Burgundios,
914 1733 1037 1780 quos
1079 1715 1179 1780 ipse
1217 1717 1501 1771 admoverat

94 1783 403 1844 Alamannis,
437 1802 655 1831 maerens
676 1782 916 1830 didiciss‘et
938 1799 986 1831 et
1008 1784 1165 1831 tristis.

197 1853 342 1901 VIII.
386 1852 518 1900 Haec
545 1852 689 1916 super
724 1854 911 1900 actibus
943 1852 1183 1917 Principis
1224 1853 1362 1899 brevi
1391 1852 1534 1902 suntr

93 1935 231 1970 textu
260 1921 512 1984 percursa:
550 1940 678 1968 nunc
708 1921 903 1981 confili‚
950 1920 1088 1985 quod
1118 1939 1207 1968 nec
1237 1934 1372 1967 metu
1408 1938 1497 1968 nec

95 1990 329 2039 adulandi
350 1989 584 2037 foeditate
611 1990 867 2036 constricta
895 1989 1145 2053 posteritas
1163 2027 1176 2050 ‚
1216 1989 1499 2052 incorrupta

93 2059 469 2125 praeteritorum
497 2057 619 2105 solet
649 2057 739 2104 effe
770 2056 1056 2121 spectatrix,
1103 2057 1378 2104 summatim
1399 2058 1500 2104 eins

95 2126 459 2176 numerabimus
493 2127 633 2188 vitia,
688 2126 794 2190 post
822 2140 869 2173 et
898 2128 931 2190 ¹)
955 2126 1210 2190 praecipua
1245 2126 1496 2172 narraturi.

96 2194 423 2245 Adfimulavit
441 2194 1108 2259 nonnumquam-clementiae
1132 2194 1357 2258 speciem,
1386 2213 1498 2242 cum
1515 2222 1540 2250 2

100 2265 215 2313 ess'et
234 2264 284 2310 in
307 2263 618 2310 acerbitatem
640 2278 836 2311 naturae
857 2264 1017 2311 calore
1037 2261 1343 2326 propenfior:
1376 2263 1500 2309 ohli-

99 2347 177 2381 tus
213 2333 457 2397 profect0‚
496 2331 631 2396 quod
663 2332 846 2395 regenti
873 2332 1131 2394 imperium
1164 2330 1327 2378 omnia
1349 2330 1498 2378 nimia

99 2403 236 2451 velut
267 2401 458 2466 proceri
489 2399 678 2464 scopuli
707 2400 815 2448 sunt
859 2399 1126 2447 devitanda.
1218 2399 1322 2446 Nec
1367 2400 1541 2449 enim'c'»

100 2489 307 2536 usquam
334 2469 572 2533 reperitur
600 2469 706 2516 miti
746 2469 1043 2517 coercitione
1079 2482 1360 2528 contentus,
1414 2468 1499 2516 l'ed

102 2540 359 2605 aliquoties
390 2538 690 2603 quaestiones
720 2538 1032 2603 multiplicari
1061 2537 1229 2585 iussiss'e
1259 2551 1498 2599 cruentas,

153 2728 190 2771 3)
230 2728 280 2761 nl.
319 2724 546 2773 Burgundos.
613 2725 650 2772 ι)
686 2724 751 2760 Ms.
782 2739 865 2772 prae
894 2737 929 2761 tc
953 2726 1078 2761 merim
1105 2725 1278 2760 narraturi
1302 2750 1495 2758 ......

106 2769 152 2806 ad
178 2797 463 2808 ........
492 2771 544 2806 bit
569 2784 851 2819 nonnumquam,
