1727 3144
441 164 542 195 AD
616 163 1114 196 LECTOREM.
1373 163 1499 195 Lxxv

98 271 277 336 gravit:
312 290 457 338 quam
482 273 546 320 ob
569 271 791 336 causam,
828 287 876 321 et
894 287 1060 320 utrum
1083 291 1109 320 a
1127 270 1357 336 Principe
1385 273 1502 322 illuc

98 355 351 403 evocatus,
392 342 634 389 incertum
667 344 746 392 est.
829 344 1059 392 Ceterum
1092 341 1429 405 magnitudine
1456 357 1504 390 et

68 411 251 473 'copiis
283 411 420 458 urbis
448 411 499 458 in
534 431 629 477 qua
661 412 969 461 domicilium
999 411 1342 468 constituerat,
1400 428 1502 458 non

95 478 158 525 ad
183 479 356 548 lui—<um
380 499 434 527 ac
459 480 691 528 delidiam
714 480 888 530 abusus
918 481 1008 541 est,
1053 494 1109 527 ut
1142 481 1363 545 plerique
1395 493 1502 526 tum

93 547 252 596 facere
279 549 533 598 solebant:
574 550 658 598 sed
689 551 986 615 optimarum
1017 550 1193 596 artium
1218 548 1421 610 studiis,
1453 562 1502 595 et

91 618 364 664 Auctorum
398 620 604 667 maxime
634 620 921 667 Latinorum
962 619 1163 666 lectioni
1202 636 1400 677 vacam,
1451 617 1504 664 in

90 685 334 733 clarissimi
362 702 409 735 et
438 689 697 737 doctissimi
726 688 966 754 cuiusque
995 688 1208 734 amicitia
1229 685 1501 735 consenuit.

92 753 257 802 Testes
281 755 391 803 sunt
411 776 535 804 unus
558 772 605 805 et
624 758 822 823 triginta
847 758 1172 805 Historiarum
1208 757 1351 812 libri,
1397 755 1505 819 qui-

91 823 182 870 bus
221 842 296 872 res
325 826 566 873 Romanas
601 828 662 874 ab
704 827 913 876 exordio
950 827 1141 875 Nervae
1183 824 1243 872 ad
1280 824 1502 873 Valentis

93 891 285 940 obitum
304 885 761 959 compr'ehenderat.
837 898 977 953 Quos
1006 896 1209 960 quidem
1228 895 1385 941 libros
1402 893 1504 940 *Ro-3

92 980 198 1009 mae
225 965 285 1009 ab
317 981 376 1011 eo
409 964 612 1029 scriptos
639 966 776 1013 fuisse
808 967 961 1013 multa
989 978 1272 1029 argumenta
1300 961 1503 1009 demon-

93 1029 255 1077 strant.
347 1032 516 1080 Primo
558 1035 689 1093 enini
725 1035 961 1083 censurae
1005 1035 1116 1082 illae
1160 1032 1268 1080 sane
1309 1049 1504 1096 graves,

95 1100 273 1164 quibus
295 1102 346 1147 in
365 1102 481 1149 vitia
505 1102 552 1149 N
557 1104 792 1152 obilitatis
823 1103 964 1151 limul
997 1122 1052 1151 ac
1075 1102 1234 1168 plebis
1255 1102 1505 1148 Romanae

90 1168 364 1231 invehitur,
405 1189 511 1218 non
539 1173 690 1220 modo
714 1174 770 1221 >in
796 1174 928 1221 libro
958 1189 1060 1220 xw.
1093 1191 1135 1219 c.
1161 1174 1208 1218 6.
1240 1169 1326 1217 sed
1357 1169 1505 1217 etiam

90 1237 142 1283 in
166 1256 343 1288 xxvm.
364 1258 406 1286 c.
437 1241 544 1304 1...§.
568 1246 691 1291 4.·et
708 1243 854 1303 alibi,
894 1260 995 1290 non
1027 1242 1088 1288 ab
1125 1240 1221 1287 alio
1256 1257 1405 1302 quam
1440 1237 1502 1282 ab

90 1307 442 1356 urhis·Ro1nae
473 1309 720 1374 inquilino
749 1309 992 1375 proficisci
1026 1319 1309 1372 potuerunt.
1403 1306 1504 1352 Cur

93 1375 227 1422 enim
254 1376 399 1422 unius
415 1378 605 1441 {populi
626 1379 778 1426 Rom.
812 1377 991 1425 delicta
1012 1391 1113 1422 tam
1132 1389 1356 1423 accurate
1381 1387 1509 1421 retu-

89 1443 183 1490 lit?
256 1445 338 1491 An
360 1443 489 1492 solus
510 1463 569 1493 eo
588 1460 810 1510 tempore
833 1446 1046 1510 populus
1077 1444 1220 1492 Rom.
1252 1444 1383 1491 vitiis
1409 1443 1508 1490 sca-

92 1513 263 1560 tebat?
345 1512 524 1562 Nonne
554 1513 725 1562 eadem
754 1514 1181 1576 Constantinopoli
1225 1513 1371 1559 etiam
1400 1529 1508 1576 age-

92 1581 307 1628 bantur?
385 1581 487 1629 Sed
516 1583 751 1633 nimirum
785 1582 872 1648 qui
914 1581 1101 1629 Romae
1142 1580 1410 1642 residebat,
1459 1594 1509 1627 et

92 1650 325 1710 Romanis
344 1649 566 1699 historias
589 1650 695 1699 suas
718 1651 982 1712 recitabat,
1022 1648 1312 1697 huiusmodi
1342 1649 1511 1696 obiur-

92 1719 371 1782 gationibus
395 1718 667 1769 'admonere
701 1721 831 1768 cives
861 1719 1138 1780 RomanOS,
1178 1732 1226 1765 et
1253 1717 1318 1764 ad
1337 1718 1510 1765 melio-

93 1806 197 1836 rem
237 1789 431 1852 frugem
473 1807 703 1838 revocare
749 1789 995 1855 cupiebat.
1069 1787 1326 1835 Praeterea
1370 1786 1508 1833 idem

93 1857 309 1905 ostendit
333 1858 644 1922 reprehenfio
663 1858 917 1908 senatoris
933 1855 1190 1906 cuiusdam
1213 1856 1357 1904 Rom.
1380 1872 1507 1920 quae

95 1926 274 1990 legitur
293 1927 344 1974 in
367 1928 615 1994 *principio
635 1928 751 1976 libri
779 1945 905 1975 xxm.
980 1925 1082 1975 Sed
1101 1926 1153 1972 in
1174 1923 1379 1972 exordio
1399 1922 1508 1989 ipso

94 1995 212 2042 libri
230 2013 402 2044 xxvul.
420 1997 568 2061 longe
589 1998 766 2045 clarius
786 1996 842 2044 id
861 1996 1020 2062 ipsum
1040 1994 1279 2059 fignificat
1301 1993 1511 2042 Marcel-

93 2063 239 2111 linus.
322 2065 409 2113 Ait
444 2067 576 2114 enim
607 2064 817 2115 timuiffe
852 2065 922 2128 se,
965 2064 1003 2112 fi
1033 2063 1334 2112 calamitates
1371 2061 1510 2109 urbis

94 2131 279 2181 Romae
301 2136 573 2190 accuratius
593 2148 1029 2191 commemoraret,
1070 2151 1131 2181 ne
1162 2131 1298 2180 idem
1318 2129 1411 2178 fibi
1433 2147 1511 2177 ac-

94 2201 283 2251 cideret
313 2202 451 2268 quod
482 2205 602 2253 olim
633 2204 946 2270 Phrynicho:
993 2202 1079 2268 qui
1113 2220 1228 2249 cum
1268 2217 1510 2265 expugna-

95 2270 283 2319 tionem
321 2271 485 2320 Mileti
525 2275 672 2339 (quac
720 2273 927 2322 Colonia
963 2269 1341 2320 Athenienlium
1385 2267 1511 2332 erat)

96 2355 436 2404 argumentum
454 2341 719 2406 sumpfiss‘et
737 2341 1015 2407 tragoediae
1031 2378 1043 2402 ,
1087 2337 1323 2403 suffragiis
1351 2354 1510 2401 popu-

94 2407 131 2457 li
150 2409 461 2457 Atheniensis
485 2413 691 2475 graviter
713 2414 943 2459 multatus
962 2409 1099 2458 fuiffe
1132 2408 1326 2455 dicitur.
1409 2404 1511 2451 De-

98 2471 248 2542 nique
273 2479 321 2524 in
343 2480 429 2526 lib.
452 2499 558 2527 xxx.
585 2499 626 2528 c.
651 2486 697 2528 4.
726 2481 786 2529 de
813 2480 1184 2528 Advocatorum
1216 2472 1506 2540 profeffione

100 2545 380 2608 locuturus,
415 2547 463 2596 se
490 2550 539 2595 in
563 2549 835 2598 Occidente
854 2549 1010 2610 fuiss'e,
1047 2566 1158 2596 cum
1181 2562 1235 2592 ca
1256 2541 1505 2603 scriberet,

102 2614 297 2662 testatur
324 2617 399 2663 his
428 2618 615 2665 verbis:
659 2623 795 2682 ,Ergo
845 2620 1066 2679 absolutis
1086 2618 1242 2677 super
1282 2614 1381 2659 eius
1423 2614 1507 2657 in-

103 2679 339 2746 dignitate
356 2691 533 2748 Jmucis
562 2706 711 2751 qaam
740 2691 790 2734 in
810 2690 900 2735 illis
921 2682 1276 2751 (Orientalibus
1301 2679 1508 2743 scilicet)

97 2755 324 2812 pat-tibus
341 2774 492 2819 agents·
511 2769 734 2820 expertas
745 2760 865 2818 sam
877 2792 894 2813 ,
926 2759 998 2804 acl
1021 2762 1298 2817 coeptorum
1318 2752 1507 2810 cmficm
