1727 3144
513 191 894 225 IULIANUS·
966 177 1083 223 565.
1395 170 1495 241 569ι

85 303 296 353 duenam
328 301 466 351 fitam
486 321 544 351 ex
579 301 846 369 improviso
878 298 1084 351 vastare:
1125 318 1336 365 quorum
1366 321 1494 350 neu—-

83 388 216 422 trum
238 373 358 421 extis
389 372 616 438 inspectis
648 373 852 421 confore
889 371 1159 419 dicebatur.
1242 369 1382 416 Sedit
1413 377 1531 421 ta—5

85 461 201 491 men
239 442 501 505 sententia,
552 448 632 503 ut,
689 443 824 490 omni
862 439 946 506 spe
982 440 1243 486 meliorum
1298 438 1492 502 succisa,

88 511 403 561 Corduenam
433 512 784 576 arriperemus:
830 524 877 558 et
908 527 1011 558 XVI.
1042 507 1153 555 Kal.
1186 507 1335 556 Iulias
1368 527 1493 571 pro—-

85 581 235 629 motis
259 582 356 629 iam
379 581 544 646 fignis,
583 583 624 646 ⁴)
648 578 893 645 progreffo
918 580 1213 643 imperatore
1237 596 1350 623 cum
1371 578 1494 624 lucis

89 650 318 712 exordio,
347 651 509 697 fumus
532 651 609 697 vel
637 650 704 697 vis
731 648 971 713 quaedam
1002 647 1248 694 turbinata
1280 646 1497 709 pulveris

87 717 381 784 adparebat:
418 733 471 765 ut
493 719 685 781 opinari
708 716 904 763 daretur
933 716 1177 763 afinorum
1208 713 1300 763 effe
1330 727 1498 781 greges

88 787 369 852 agrestium,
414 804 627 851 quorum
648 784 913 832 multitudo
940 785 990 831 in
1024 785 1259 832 tractibus
1298 785 1363 831 est
1400 785 1495 831 illis

85 856 367 917 innumera,
405 853 520 902 ideo
559 854 700 916 fimui
734 852 992 914 incedens,
1047 867 1104 900 ut
1139 851 1495 917 constipatione

87 925 234 973 densa
252 925 439 972 feroces
456 924 658 972 leonum
671 922 960 970 frustrentur
974 921 1205 969 adsultus.
1280 922 1496 978 Quidam
1509 925 1539 968 6

87 995 448 1042 arbitrabantur
478 994 748 1040 Saracenos
781 991 930 1039 duces
959 992 1221 1039 adventare
1260 990 1357 1038 iam
1398 1009 1498 1038 no—

87 1064 234 1126 stros,
266 1063 548 1111 rumoribus
576 1061 817 1126 percit08‚
866 1059 1003 1125 quod
1036 1060 1307 1123 Imperator
1335 1060 1498 1108 Ctefi-

85 1133 277 1198 phonta
297 1132 482 1196 magnis
503 1131 689 1179 viribus
712 1144 1017 1194 oppugnaret
1039 1147 1048 1175 ;
1083 1129 1307 1175 nonnulli
1330 1128 1496 1176 Persas

86 1200 234 1250 nobis
252 1203 288 1269 ⁵)
312 1201 559 1249 viantibus
579 1198 849 1246 incubuisse
876 1199 1148 1246 firmabant.
1223 1197 1346 1245 Ideo
1370 1197 1538 1248 inter?

88 1271 211 1319 haec
231 1271 298 1318 ita
320 1270 573 1333 ambigua,
608 1286 667 1315 ne
690 1267 813 1331 quid
833 1267 1084 1315 adversum
1108 1266 1376 1328 accideret,
1414 1285 1499 1315 re-

89 1340 380 1389 vocantibus
405 1339 596 1402 agmina
616 1336 832 1397 clafficis‚
862 1338 911 1382 in
934 1338 1056 1385 valle
1077 1336 1321 1400 graminea
1345 1354 1498 1400 prope

92 1410 266 1470 rivum,
303 1407 627 1472 multiplicato
646 1405 895 1453 scutorum
915 1406 1086 1453 ordine
1105 1407 1155 1452 in
1178 1405 1500 1452 orbiculatam

91 1481 300 1542 figuram
321 1477 511 1525 metatis
532 1476 682 1523 tutius
706 1475 978 1540 quievimus
997 1475 1174 1522 castris.
1247 1474 1353 1521 Nec
1368 1476 1501 1521 enim.

96 1548 314 1612 adusque
354 1545 624 1609 vesperam‘
647 1552 755 1592 aere
792 1557 1025 1590 concreto
1065 1541 1276 1594 discerni
1321 1544 1499 1607 potuit,

95 1615 334 1683 quidnam
365 1614 502 1676 estet,
540 1611 680 1679 quod
701 1611 788 1660 diu
807 1611 1074 1677 squalidius
1101 1612 1371 1660 videbatur.

141 1806 188 1851 4)
220 1807 330 1854 Vulg.
362 1801 545 1854 progresso
572 1802 646 1838 iam
670 1800 777 1837 lucis.
830 1801 868 1847 5)
887 1798 956 1839 ΜΕ.
983 1800 1178 1838 viantibus.
