1727 3144
511 167 904 204 intrantes.
987 157 1103 203 565.
1409 161 1501 206 521

91 279 403 346 haruspices,
446 282 531 346 qui
562 281 949 342 comitabantur,
992 281 1130 344 gnari
1161 281 1505 345 prodigialium

90 369 278 411 rerum,
323 370 434 399 cum
469 351 565 398 illis
598 352 906 418 procinctum
939 351 1072 402 hunc
1118 348 1257 414 saepe
1301 357 1502 401 arcenti-

90 420 183 466 bus
212 438 313 467 non
355 420 661 482 crederetur,
708 420 904 485 prolatis
941 420 1080 466 libris
1121 420 1498 469 exercitualibus

88 488 439 551 ostendebant,
472 489 659 554 lignum
684 490 783 537 hoc
806 489 896 537 effe
920 488 1302 554 prohibitorium
1318 526 1331 549 ,
1368 493 1498 553 prin-

85 558 284 622 cipique
324 559 503 620 aliena,
550 561 664 607 licet
699 559 842 620 iuste,
889 558 1138 606 invadenti
1179 559 1494 606 contrarium.

87 627 190 673 Sed
212 628 520 675 calcabantur
540 627 851 692 philosophis
875 628 1250 692 refragantibus,
1284 645 1494 691 quorum
1520 645 1564 672 11

85 696 350 743 reverenda
378 711 493 744 tunc
526 711 624 743 erat
655 697 942 756 auctoritas,
980 697 1245 743 errantium
1270 696 1494 758 subinde,

86 778 134 811 et
159 765 210 810 in
235 774 400 829 parum
433 765 641 829 cognitis
672 763 1083 828 perseverantium
1108 764 1208 811 diu.
1284 765 1491 828 Etenim,

80 846 134 878 ut
183 833 440 896 probabile
491 847 831 897 argumentum
878 832 942 881 ad
987 834 1137 881 fidem
1189 834 1490 898 implendam

80 900 308 949 scientiae
331 901 439 948 snae
459 901 511 948 id
534 902 948 967 praetendebant,
992 902 1130 967 quod
1163 916 1210 949 et
1237 903 1490 968 Maximia-

78 988 143 1017 no
178 971 382 1018 antehac
423 972 613 1019 Caesari
653 990 765 1019 cum
799 972 838 1037 ⁸)
859 970 1043 1019 Narseo
1084 970 1336 1019 Persarum
1376 991 1486 1035 rege

79 1038 175 1085 iam
194 1039 502 1104 congreffuro
518 1079 530 1101 ,
561 1040 733 1088 itidem
753 1041 831 1088 leo
857 1055 904 1089 et
925 1059 1040 1106 aper
1062 1041 1231 1104 ingens
1254 1042 1485 1088 trucidati

76 1105 218 1154 simul
249 1110 398 1156 oblati
421 1108 555 1171 sunt,
595 1124 642 1157 et
663 1109 882 1174 superata
904 1125 1044 1173 gente
1071 1109 1278 1155 discessit
1301 1110 1487 1156 ineolu-

75 1177 192 1224 mis:
232 1177 317 1226 illo
349 1179 550 1226 minime
581 1180 621 1244 9)
650 1179 1010 1244 contemplato,
1051 1173 1368 1242 quod'aliena
1408 1197 1487 1241 pe-

75 1247 197 1293 tenti
218 1247 602 1310 portendebatur
621 1247 846 1307 exitium,
881 1262 925 1295 et
951 1247 1160 1295 Narseus
1184 1247 1368 1310 primus
1395 1250 1486 1293 Ar-

73 1316 285 1362 meniam
309 1317 531 1363 Romano
549 1317 644 1363 iuri
669 1317 929 1364 obnoxiam
949 1329 1223 1380 occuparat.
1296 1316 1484 1379 Sequu-
1511 1337 1560 1364 12

75 1396 127 1430 to
150 1383 321 1431 itidem
343 1384 450 1445 die,
482 1385 567 1450 qui
590 1399 687 1433 erat
709 1385 827 1432 VII.
856 1385 972 1431 Idus
1004 1384 1214 1448 Aprilis,
1254 1383 1352 1431 sole.
1379 1403 1484 1433 ver-

76 1467 217 1514 gente
246 1454 341 1500 iam
375 1455 426 1499 in
458 1454 712 1514 oceasum,
774 1472 827 1500 ex
865 1471 1003 1518 parva
1044 1453 1283 1499 nubecula
1322 1455 1482 1501 subito

76 1528 188 1568 aere
216 1522 417 1570 crass'ato
451 1522 562 1569 usus
593 1523 824 1569 adimitur
851 1522 998 1568 lucis:
1040 1536 1086 1568 et
1117 1521 1221 1584 post
1241 1523 1481 1569 minacem

74 1590 342 1637 tonitruum
385 1591 695 1638 crebritatem
727 1605 773 1637 et
808 1591 1083 1651 fulgurum,
1137 1590 1364 1636 Iovianus
1398 1611 1482 1637 no-

71 1659 204 1706 mine
225 1659 362 1706 miles
384 1659 443 1706 de
474 1660 609 1706 caelo
645 1672 799 1706 tactus
827 1676 939 1704 cum
974 1657 1167 1703 duobus
1200 1659 1337 1720 equis
1368 1677 1483 1705 eona

72 1726 221 1787 cidit,
273 1746 396 1792 quos
449 1742 572 1792 potu
619 1727 814 1775 satiatos
870 1745 895 1773 a
946 1725 1146 1773 flumine
1201 1728 1478 1775 reducebat.

71 1796 129 1861 ¹⁰)
155 1796 326 1862 quue
359 1796 461 1844 viso
494 1797 669 1844 harum
696 1815 856 1843 rerum
877 1796 1165 1859 interpretes
1186 1798 1385 1843 arcelliti
1411 1797 1481 1843 in-
1506 1800 1559 1842 13

71 1866 425 1929 terrogatique,
460 1866 606 1913 etiam
635 1866 687 1911 id
719 1879 879 1911 vetare
913 1865 1220 1928 procinctum
1248 1865 1478 1913 fidentius

71 1933 416 1996 adfirmabant,
451 1935 639 1982 fulmen
660 1934 986 1982 conliliarium
1009 1933 1098 1980 effe
1131 1934 1475 1981 monstrantes:

71 2003 157 2068 (ita
182 2003 312 2051 enim
331 2003 664 2068 adpellantur,
700 2021 824 2068 quae
849 2001 1126 2050 dissuadent
1149 2003 1336 2067 aliquid
1370 2005 1477 2050 fieri

73 2073 149 2120 vel
168 2071 409 2132 suadent.)
478 2072 698 2136 Ideoque
719 2072 815 2120 hoc
839 2071 983 2118 nimis
1014 2072 1310 2133 cavendum,
1341 2071 1475 2136 quod

69 2141 277 2189 militem
306 2140 419 2189 celfi
446 2142 658 2189 nominis
687 2160 800 2188 cum
831 2141 1096 2188 bellatoriis
1130 2141 1357 2188 iumentis
1401 2159 1477 2188 ex-

70 2210 256 2257 stinxit:
295 2224 342 2257 et
363 2210 458 2257 hoc
482 2210 634 2258 modo
655 2224 875 2257 contacta
906 2211 1012 2257 loca
1038 2228 1126 2257 nee
1149 2210 1351 2268 intueri,
1384 2228 1471 2256 nec

70 2280 244 2325 calcari
266 2277 444 2325 debere
467 2279 725 2341 fulgurales
756 2278 1071 2343 pronuntiant
1091 2280 1219 2325 libri.
1292 2280 1471 2324 Contra
1496 2277 1548 2331 14

68 2346 380 2412 philosophi,
418 2347 682 2396 candorem
704 2349 826 2412 ignis
848 2348 968 2395 sacri
998 2362 1192 2411 repente
1224 2345 1471 2409 conspecti

71 2417 196 2463 nihil
232 2416 498 2480 significare
539 2417 756 2476 aiebant,
808 2415 889 2464 sed
927 2416 1018 2463 else
1056 2415 1251 2462 acrioris
1277 2413 1471 2478 spiritus

68 2485 277 2547 cursum,
308 2504 364 2532 ex
384 2485 578 2533 aethere
600 2484 760 2549 aliqua
785 2486 830 2533 vi
855 2485 916 2531 ad
936 2485 1169 2532 inferiora
1197 2482 1469 2529 detrusum:

69 2568 150 2600 aut
170 2554 206 2600 fi
230 2554 401 2602 exinde
434 2554 760 2618 praenoscitur
791 2553 1002 2618 aliquid,
1048 2553 1343 2598 incrementa
1377 2553 1470 2598 cla-

68 2623 294 2670 ritudinis
344 2623 637 2688 Imperatori
685 2623 914 2687 portendi
957 2621 1163 2685 gloriosa
1202 2621 1467 2684 coeptanti,

111 2789 152 2835 8)
181 2785 249 2821 ΜΓ,
271 2786 419 2822 Narseo.
469 2790 508 2834 9)
536 2786 603 2823 ΜΓ.
634 2787 939 2880 ευῑιῐίτιιΡΙειηῐεέἱ
964 2789 1026 2837 ιο)
1054 2787 1121 2823 ΜΓ.
1148 2799 1262 2835 eoque
1290 2787 1375 2823 viso,
