1727 3144
224 140 321 186 606
446 153 728 187 amanam
773 152 1326 200 MARCELmnrxxxt,
1373 142 1445 186 15.
1486 140 1559 184 15.

224 279 326 312 tum
366 265 560 312 monitu
605 261 974 319 occinentibus,
1028 260 1341 309 instauratum
1386 262 1453 310 est
1493 279 1631 327 proe-

222 335 369 380 lium:
417 347 465 382 et
504 332 608 398 pari
656 331 806 379 modo
850 348 924 378 res
969 329 1186 378 Romana
1226 329 1448 396 superior
1485 331 1629 392 stetit,

222 403 360 450 nullo
385 403 537 450 ferme
562 401 657 448 alio
683 401 781 448 telo
802 401 879 448 vel
906 400 941 464 ⁵)
965 398 1229 447 funditoris
1259 414 1453 448 amento
1480 399 1632 447 incas-

222 469 328 518 sum
359 470 569 518 excuss'o.
659 470 871 534 Agmina
911 469 1041 515 enim
1080 469 1417 533 praeeuntium
1463 468 1634 516 ducto-³
1688 491 1696 495 >

225 559 360 600 rum,
396 558 519 605 quos
545 538 763 603 rapiendi
783 538 1005 587 Valentis
1037 538 1177 584 malis
1208 538 1632 585 lucubrationibus

225 608 425 674 quaesiti
453 609 696 673 cupiditas
731 607 1050 667 incendebat,
1088 606 1279 670 sequuti
1310 608 1486 655 caeteri
1516 623 1631 671 prae

222 678 269 726 se
292 680 511 726 ferebant
530 676 854 743 aequiperasse
879 675 1158 723 discrimina
1180 676 1460 740 potiorum:
1501 695 1635 722 nam-

223 765 319 812 que
352 746 613 795 semineces
646 746 821 810 aliqui,
865 759 946 791 aut
980 745 1165 808 magnis
1203 743 1633 809 obtriti2ponderi-

222 815 340 876 bus,
386 817 463 864 vel
493 815 671 863 confixi
704 814 872 860 iaculis
903 827 1101 876 pectora
1128 814 1474 861 volvebantur:
1511 832 1632 860 non-

222 886 345 932 nulli
363 884 508 930 scalas
534 881 786 941 vehendo,
828 879 866 943 ⁶)
889 879 1268 944 adscensumque
1298 881 1350 927 in
1379 899 1545 928 muros
1574 899 1632 929 ex

220 953 370 1003 latere
396 951 531 997 omni
557 964 802 1014 parantes,
839 947 927 994 suh
953 949 1184 994 oneribus
1212 948 1324 1011 ipfi's
1359 951 1633 998 obrueban-

221 1035 301 1068 tur
320 1020 341 1081 ,'
373 1019 609 1068 contnufis
637 1036 723 1082 pei
760 1035 967 1081 pronum
1012 1016 1152 1075 saxis,
1202 1030 1248 1062 et
1290 1019 1629 1066 columnarum

157 1089 529 1154 ›sisiagmentis‚
560 1102 606 1135 et
627 1086 875 1151 cylindris.
948 1086 1052 1133 Nec
1088 1088 1126 1149 ⁷)
1146 1103 1440 1150 quemquam
1470 1090 1632 1136 luren-

222 1159 344 1206 tium
370 1157 557 1205 ciuoris
581 1155 828 1203 horrenda
850 1154 1032 1219 species
1053 1154 1115 1201 ad
1135 1152 1295 1202 serum
1318 1174 1469 1220 usque
1499 1156 1632 1204 diem

221 1229 282 1274 ab
305 1228 547 1274 alacritate
568 1226 779 1273 faciendi
800 1225 990 1272 fortiter
1015 1226 1284 1271 aventebat:
1314 1224 1440 1273 hoc
1429 1226 1632 1273 lucitan-

223 1312 294 1357 te,
328 1297 464 1361 quod
485 1295 629 1342 etiam
653 1293 960 1341 defensorum
986 1294 1220 1358 plurimos
1242 1293 1412 1342 cadere
1434 1294 1632 1342 diverlis

223 1367 402 1413 ictibus
421 1364 641 1413 videntes
661 1365 847 1411 eminus
868 1362 1328 1409 laetabantu1.1ta
1347 1362 1443 1411 line
1463 1366 1632 1430 nequie

223 1436 322 1482 ulla
344 1436 421 1482 vel
456 1433 606 1483 modo
644 1453 730 1497 pro
771 1433 1024 1480 moenibus
1054 1446 1100 1479 et
1134 1445 1303 1478 contra
1337 1434 1528 1479 moenia
1562 1434 1634 1480 in-

163 1517 179 1543 Ι
194 1503 451 1568 figentibus
470 1504 642 1550 aminis
670 1503 992 1567 pugnabatur
1062 1500 1123 1546 Et
1146 1501 1259 1565 quia
1290 1502 1424 1546 nullo
1459 1502 1633 1549 mdine

223 1575 345 1633 iam,
373 1571 459 1620 sed
480 1590 566 1637 pet
593 1571 848 1636 procursus
871 1571 1175 1635 pugnabatur
1195 1584 1241 1617 et
1264 1570 1459 1648 globos,
1497 1571 1634 1635 quod

224 1641 574 1706 desperationis
597 1655 697 1688 erat
723 1641 906 1705 lignum
937 1655 1202 1700 extlemae,
1248 1639 1410 1686 flexo
1399 1658 1449 1685 in
1467 1638 1636 1703 νεΓρεω

224 1731 329 1759 iam
359 1711 439 1758 die
470 1710 660 1775 digreffi
691 1729 858 1758 omnes
888 1711 1073 1757 rediere
1114 1709 1175 1755 ad
1214 1709 1421 1756 tentoiia
1461 1709 1632 1770 tristes,

227 1780 608 1828 inconsideratae
651 1779 922 1827 dementiae
960 1779 1080 1826 alter
1121 1779 1324 1824 alterum
1351 1792 1632 1842 arguentes,

229 1849 365 1914 quod
398 1868 524 1911 non,
560 1863 616 1896 ut
664 1849 872 1896 suaserat
925 1862 1062 1895 antea
1122 1847 1446 1912 Fritigernus,
1509 1847 1633 1895 obli⁴

230 1917 447 1964 dionales
509 1936 761 1964 aerumnas
784 1919 970 1982 ubique
992 1916 1312 1964 declinarunt.

186 1997 199 2022 ¹
327 1986 468 2033 XVl.
505 1987 734 2032 Converfi
756 1987 860 2048 post
888 1989 1002 2033 haec
1033 2004 1117 2049 per
1149 2003 1293 2032 omne
1329 1998 1518 2048 tempus
1547 2002 1633 2031 no-

226 2055 316 2102 ctis
337 2057 413 2120 (ut
432 2054 632 2100 aestivae
654 2071 752 2100 non
774 2054 997 2117 longum)
1022 2053 1084 2099 ad
1110 2053 1363 2100 vulnerum
1395 2070 1531 2100 curas
1561 2072 1632 2099 ar-

225 2138 394 2189 tesque
415 2121 647 2170 medendi
669 2122 892 2185 gentiles,
930 2121 1120 2169 reddita
1140 2122 1248 2169 luce
1268 2122 1317 2167 in
1343 2122 1496 2168 varias
1518 2139 1634 2169 con·

224 2192 443 2241 liliorum
500 2191 601 2239 vias
652 2189 1034 2251 diducebantur,
1087 2189 1320 2255 quorsum
1374 2189 1632 2238 tenderent

225 2262 549 2325 ambigentes:
583 2260 843 2326 multisque
867 2260 1058 2308 dictatis
1078 2273 1125 2306 et
1157 2258 1503 2320 controversis,
1549 2277 1631 2308 oc·

224 2349 404 2395 cupare
441 2329 654 2376 statuunt
687 2328 1001 2391 Perinthum,
1048 2326 1221 2375 exinde
1250 2345 1472 2393 quaeque
1506 2327 1632 2376 divi-

224 2400 402 2447 tiarum
424 2400 459 2458 ¹)
484 2399 658 2447 referta
679 2417 689 2445 :
721 2397 1010 2446 docentibus
1035 2397 1197 2444 omnia
1217 2397 1447 2461 perfugis,
1481 2397 1628 2444 etiam

226 2468 514 2529 domorum,
546 2466 728 2514 nedum
747 2468 944 2514 urbium
964 2468 1149 2514 interna
1171 2465 1437 2514 noscentes.
1485 2466 1626 2513 Hane

222 2536 415 2603 sequuti
435 2536 746 2596 sententiam,
784 2555 929 2602 quam
967 2536 1136 2584 utilem
1168 2535 1495 2583 existimarunt
1504 2570 1520 2591 ,
1552 2535 1629 2581 iti-

222 2607 421 2654 neribus
451 2605 619 2665 lentis,
671 2604 924 2653 miscentes
951 2619 1123 2653 cuncta
1156 2604 1551 2670 populationibus
1578 2617 1626 2652 et

221 2675 478 2736 incendiis,
510 2676 645 2722 nullo
670 2675 906 2722 renitente
928 2675 1209 2740 pergebant.

256 2793 309 2872 15)
321 2788 388 2824 Ms.
411 2787 585 2825 fundoris.
622 2790 659 2835 6)
681 2787 750 2823 ΜΓ.
776 2784 1066 2833 adscensumque.
1113 2787 1150 2831 7)
1171 2782 1235 2821 ΜΓ.
1258 2783 1461 2834 quicquam.
1502 2786 1533 2831 1)
1553 2784 1621 2821 Ms.

216 2849 254 2872 te
273 2846 378 2873 citas.
