1727 3144
1268 96 1292 121 *θ

234 184 264 211 ‘k
404 179 673 212 AMMIANI
715 179 1103 212 MARCELLINI
1136 178 1248 228 XIV,
1284 185 1324 212 1.
1359 182 1405 211 Ω.

233 305 342 337 cere
370 289 507 337 utilia
535 288 786 338 suadendo
816 288 1043 352 deberet,
1086 303 1143 337 ut
1179 290 1232 338 in
1263 288 1634 339 Gordianorum

235 359 421 406 actibus
444 358 675 406 factitass'e
696 358 954 406 Maximini
972 361 1237 408 truculenti
1264 361 1394 409 illius
1427 359 1634 425 impet-aa-

236 428 358 476 toris
380 428 634 475 retulimus
670 428 947 492 coniugem.
1141 457 1144 460 Δ
1611 449 1621 458 ··

199 519 225 558 9
339 495 485 545 Novo
535 496 747 562 denique
797 496 1171 563 perniciosoque
1224 499 1447 564 exemplo
1498 494 1634 547 idem

236 565 406 613 Gallus
426 565 566 613 ausus
589 566 654 614 est
674 567 796 618 inire
815 567 1054 631 flagitium
1078 584 1247 632 grave,
1283 567 1422 631 q‘uod
1448 566 1635 614 Romae

234 653 348 681 cum
388 636 565 683 ultimo
617 634 860 684 dedecore
904 636 1102 684 tentass'e
1143 635 1407 711 aliquando
1454 634 1635 683 dicitur

236 703 514 751 Gallienus:
551 718 598 752 et
617 703 849 752 adhibitis
868 705 1035 769 paucis
1053 705 1179 753 clam
1197 706 1328 754 ferro
1358 703 1634 764 succinctis,

233 771 419 836 vesperi
449 791 538 837 per
568 775 791 821 tabernas
820 774 1074 839 palabatur
1102 789 1149 827 et
1175 774 1416 839 compita,
1448 772 1638 838 quaeri-

233 838 382 888 tando
405 860 578 905 graeco
593 842 847 904 sermone,
883 843 1020 890 cuius
1040 857 1142 891 erat
1165 843 1417 908 impendio
1442 859 1635 907 gnarus,

233 909 354 973 quid
387 910 448 958 de
478 913 537 976 ¹⁴)
571 910 773 959 Caesare
802 912 1009 977 quisque
1033 913 1085 977 ¹⁵)
1114 911 1326 960 sentiret.
1408 911 1471 958 Et
1511 910 1634 958 haec

231 978 537 1028 confidenter
557 982 729 1044 agebat
754 980 803 1028 in
829 982 994 1043 urbe,‘
1021 982 1109 1028 ubi
1139 979 1535 1045 pernoctantium
1563 979 1635 1026 lu·

231 1046 418 1095 minum
471 1049 729 1103 claritudo.
756 1048 948 1102 dierum
988 1046 1111 1098 solet
1152 1050 1332 1097 imitari
1372 1049 1631 1113 fulgorem.

231 1113 481 1164 Postremo
502 1119 692 1182 agnitus
711 1116 878 1182 saepe,
910 1119 1131 1183 iamque,
1159 1118 1198 1166 fi
1214 1117 1474 1183 prodilset,
1517 1133 1633 1163 con·

230 1180 451 1246 spieuum
479 1186 526 1234 se
558 1188 665 1235 fore
699 1188 1063 1252 contemplans,
1109 1205 1211 1238 uon
1237 1185 1326 1234 nili
1343 1184 1401 1251 ¹⁶)
1420 1187 1530 1234 luce
1553 1203 1638 1249 pa-

229 1250 325 1298 lam
346 1254 622 1315 egrediens‚
660 1256 723 1302 ad
742 1257 954 1318 agenda,
991 1273 1115 1319 quae
1136 1257 1339 1319 putabat
1356 1254 1503 1315 seria,
1532 1272 1636 1301 cetu

228 1320 451 1380 uebatur.
520 1322 583 1369 Et
601 1323 723 1370 haec
747 1322 950 1388 quidem
977 1323 1260 1371 medullitus
1278 1326 1333 1389 ¹⁷)
1354 1323 1522 1371 multis
1556 1340 1633 1388 ge-

227 1389 472 1436 mentibus
497 1391 779 1455 agebantur.

169 1478 219 1519 ro
325 1457 592 1506 Thalassius
623 1477 739 1508 vero
779 1478 833 1507 ea
864 1458 1145 1524 tempestate
1185 1457 1464 1506 Praefectus
1491 1456 1634 1507 Prae-

226 1527 357 1573 torio
400 1527 657 1588 Praesens,
709 1527 811 1590 ipse
860 1547 1061 1592 quoque
1110 1527 1378 1591 arrogantis
1429 1527 1631 1593 ingenii,

225 1594 534 1643 confiderans
572 1596 909 1645 incitationem
944 1596 1047 1642 eius
1077 1594 1139 1642 ad
1173 1595 1443 1645 multorum
1465 1597 1631 1661 augeri

227 1662 535 1723 discrimina,
577 1681 678 1710 non
709 1663 985 1711 maturitate
1013 1664 1091 1711 vel
1117 1663 1329 1711 conliliis
1359 1663 1630 1730 mitigabat,

226 1745 280 1777 ut
305 1731 563 1794 aliquoties
583 1730 737 1782 celsae
757 1732 1014 1796 potestates
1035 1732 1129 1780 iras
1158 1731 1442 1798 principum
1470 1734 1632 1781 molli-

225 1813 424 1847 veruut:
460 1798 545 1847 sed
574 1800 874 1849 adversando
902 1800 1265 1866 iurgandoque,
1311 1819 1426 1849 cum
1453 1820 1628 1866 parum

223 1882 538 1932 congrueret,
579 1886 691 1917 eum
727 1870 783 1934 ¹⁸)
817 1869 880 1918 ad
913 1870 1100 1920 rabiem
1141 1871 1305 1934 potius
1346 1871 1633 1919 evibrabata

225 1936 497 1999 Augustum
509 1972 525 1995 ,
587 1952 721 1987 actus
763 1938 864 1987 eius
905 1937 1268 2003 exaggerando,
1330 1939 1628 1988 creberrime

226 2003 436 2066 docens,
477 2005 655 2071 idque,
704 2008 943 2055 incertum
975 2026 1072 2072 qua
1112 2021 1300 2068 mente,
1351 2025 1413 2056 ne
1453 2007 1626 2057 lateret

222 2072 486 2121 adfectans.
561 2076 618 2141 ¹⁹)
653 2076 847 2132 Quibus
872 2094 987 2124 mox
1009 2075 1181 2125 Caesar
1201 2077 1358 2124 acrius
1381 2077 1624 2138 efferatus,

222 2142 354 2190 velut
372 2145 708 2192 contumaciae
732 2143 982 2210 quoddam
1002 2146 1238 2194 vexillum
1256 2145 1396 2192 altius
1417 2145 1623 2210 erigens,

218 2210 318 2260 fine
338 2210 557 2276 respectu
576 2211 738 2260 salutis
758 2214 940 2261 alienae
979 2215 1055 2261 vel
1083 2213 1217 2275 suae,
1253 2215 1317 2279 ευ)
1346 2213 1408 2261 ad
1439 2228 1626 2263 vertenu

223 2279 283 2326 da
311 2279 555 2345 suppolita
582 2281 725 2330 instar
754 2282 912 2348 rapidi
946 2283 1161 2331 fluminis
1194 2282 1505 2332 irrevocabili
1534 2283 1623 2330 ini-

219 2363 337 2414 petu
358 2350 621 2404 ferebatur.
1160 2365 1163 2367 ’
1574 2374 1577 2377 ·

189 2452 204 2475 ,
316 2418 384 2464 ΙΙ.
424 2417 531 2466 Nec
560 2418 671 2467 sanc
702 2418 822 2467 haec
853 2419 1090 2483 pernicies
1124 2418 1224 2467 sola
1254 2418 1510 2466 Orientem
1547 2416 1617 2464 di-

220 2485 362 2533 versis
382 2486 601 2534 cladibus
622 2486 898 2551 adfligebat.
969 2488 1196 2554 Namque
1218 2501 1266 2536 et
1295 2486 1447 2534 Isauri
1459 2522 1475 2543 2
1511 2486 1616 2551 qui-

265 2691 325 2736 14)
355 2692 478 2739 διρρΙι,
516 2695 563 2730 τι)
606 2693 759 2741 quisque
791 2693 902 2740 tlt—pst.
967 2698 1026 2744 ¹5)
1054 2696 1177 2743 Steph.
1209 2695 1389 2731 sentirent.
1456 2697 1518 2741 xo)
1542 2695 1608 2729 ΜΓ,

210 2735 518 2828 ffl‘s‘f‘u'tsszzh'g‘t.
538 2738 997 2833 33‡.†⁸1s·20¹3²”.¹22÷5¹s.;.:.⁸²
1022 2743 1089 2778 Ms-
1119 2755 1202 2777 Μ
1223 2742 1269 2778 “³
1296 2742 1370 2776 ¹
1401 2754 1432 2776 ⁰·
