<?xml version="1.0" encoding="UTF-8"?>
<!DOCTYPE html PUBLIC "-//W3C//DTD XHTML 1.0 Transitional//EN"
    "http://www.w3.org/TR/xhtml1/DTD/xhtml1-transitional.dtd">
<html xmlns="http://www.w3.org/1999/xhtml" xml:lang="en" lang="en">
 <head>
  <title>
</title>
<meta http-equiv="Content-Type" content="text/html;charset=utf-8" />
  <meta name='ocr-system' content='tesseract 3.04.00' />
  <meta name='ocr-capabilities' content='ocr_page ocr_carea ocr_par ocr_line ocrx_word'/>
</head>
<body>
  <div class='ocr_page' id='page_1' title='image "ammianimarcellin01ammiuoft_0685.png"; bbox 0 0 1727 3144; ppageno 0'>
   <div class='ocr_carea' id='block_1_1' title="bbox 207 160 1479 226">
    <p class='ocr_par' dir='ltr' id='par_1_1' title="bbox 207 160 1479 226">
     <span class='ocr_line' id='line_1_1' title="bbox 207 160 1479 226; baseline 0.007 -24"><span class='ocrx_word' id='word_1_1' title='bbox 207 169 473 202; x_wconf 73' lang='lat' dir='ltr'><strong>VALENT.</strong></span> <span class='ocrx_word' id='word_1_2' title='bbox 506 168 637 202; x_wconf 60' lang='lat' dir='ltr'>var„</span> <span class='ocrx_word' id='word_1_3' title='bbox 686 171 757 201; x_wconf 81' lang='lat' dir='ltr'>ET</span> <span class='ocrx_word' id='word_1_4' title='bbox 796 170 1094 202; x_wconf 64' lang='lat' dir='ltr'>GRATIAN.</span> <span class='ocrx_word' id='word_1_5' title='bbox 1166 160 1280 223; x_wconf 71' lang='lat'>569.</span> <span class='ocrx_word' id='word_1_6' title='bbox 1384 167 1479 226; x_wconf 68' lang='lat'>479</span> 
     </span>
    </p>
   </div>
   <div class='ocr_carea' id='block_1_2' title="bbox 38 277 1531 2558">
    <p class='ocr_par' dir='ltr' id='par_1_2' title="bbox 38 277 1531 1729">
     <span class='ocr_line' id='line_1_2' title="bbox 68 277 1527 357; baseline 0.001 -31"><span class='ocrx_word' id='word_1_7' title='bbox 68 277 170 344; x_wconf 82' lang='lat' dir='ltr'>ipsa</span> <span class='ocrx_word' id='word_1_8' title='bbox 191 294 394 328; x_wconf 85' lang='lat' dir='ltr'>conatus</span> <span class='ocrx_word' id='word_1_9' title='bbox 419 280 661 346; x_wconf 85' lang='lat' dir='ltr'>principia</span> <span class='ocrx_word' id='word_1_10' title='bbox 693 279 853 328; x_wconf 82' lang='lat' dir='ltr'>fuiffet</span> <span class='ocrx_word' id='word_1_11' title='bbox 878 280 1176 330; x_wconf 80' lang='lat' dir='ltr'>exstinctum.</span> <span class='ocrx_word' id='word_1_12' title='bbox 1246 288 1281 352; x_wconf 80' lang='lat'>³)</span> <span class='ocrx_word' id='word_1_13' title='bbox 1305 289 1481 337; x_wconf 72' lang='lat' dir='ltr'>Valen,</span> <span class='ocrx_word' id='word_1_14' title='bbox 1497 303 1527 357; x_wconf 70' lang='lat'><strong><em>4</em></strong></span> 
     </span>
     <span class='ocr_line' id='line_1_3' title="bbox 68 349 1480 419; baseline 0.006 -20"><span class='ocrx_word' id='word_1_15' title='bbox 68 352 197 399; x_wconf 87' lang='lat' dir='ltr'>tinus</span> <span class='ocrx_word' id='word_1_16' title='bbox 219 350 418 414; x_wconf 87' lang='lat' dir='ltr'>quidam</span> <span class='ocrx_word' id='word_1_17' title='bbox 440 351 490 396; x_wconf 88' lang='lat' dir='ltr'>in</span> <span class='ocrx_word' id='word_1_18' title='bbox 514 350 710 398; x_wconf 86' lang='lat' dir='ltr'>Valeria</span> <span class='ocrx_word' id='word_1_19' title='bbox 743 349 1026 400; x_wconf 75' lang='lat' dir='ltr'>Pannoniae</span> <span class='ocrx_word' id='word_1_20' title='bbox 1057 352 1255 416; x_wconf 79' lang='lat' dir='ltr'>superbi</span> <span class='ocrx_word' id='word_1_21' title='bbox 1285 354 1480 419; x_wconf 82' lang='lat' dir='ltr'>spiritus</span> 
     </span>
     <span class='ocr_line' id='line_1_4' title="bbox 66 419 1480 489; baseline 0.007 -22"><span class='ocrx_word' id='word_1_22' title='bbox 66 419 248 477; x_wconf 85' lang='lat' dir='ltr'>homo,</span> <span class='ocrx_word' id='word_1_23' title='bbox 297 419 559 469; x_wconf 81' lang='lat' dir='ltr'>Maximini</span> <span class='ocrx_word' id='word_1_24' title='bbox 607 420 736 467; x_wconf 81' lang='lat' dir='ltr'>illius</span> <span class='ocrx_word' id='word_1_25' title='bbox 789 421 993 468; x_wconf 85' lang='lat' dir='ltr'>exitialis</span> <span class='ocrx_word' id='word_1_26' title='bbox 1047 422 1260 481; x_wconf 82' lang='lat' dir='ltr'>Vicarii,</span> <span class='ocrx_word' id='word_1_27' title='bbox 1317 428 1480 489; x_wconf 84' lang='lat' dir='ltr'>postea</span> 
     </span>
     <span class='ocr_line' id='line_1_5' title="bbox 67 489 1481 556; baseline 0.004 -18"><span class='ocrx_word' id='word_1_28' title='bbox 67 492 305 556; x_wconf 81' lang='lat' dir='ltr'>praefecti</span> <span class='ocrx_word' id='word_1_29' title='bbox 327 489 549 552; x_wconf 81' lang='lat' dir='ltr'>coniugis</span> <span class='ocrx_word' id='word_1_30' title='bbox 579 489 756 551; x_wconf 82' lang='lat' dir='ltr'>frater,</span> <span class='ocrx_word' id='word_1_31' title='bbox 800 490 866 552; x_wconf 74' lang='lat' dir='ltr'>ol)</span> <span class='ocrx_word' id='word_1_32' title='bbox 900 508 1042 554; x_wconf 85' lang='lat' dir='ltr'>grave</span> <span class='ocrx_word' id='word_1_33' title='bbox 1065 492 1252 541; x_wconf 82' lang='lat' dir='ltr'>crimen</span> <span class='ocrx_word' id='word_1_34' title='bbox 1270 508 1404 542; x_wconf 81' lang='lat' dir='ltr'>actus</span> <span class='ocrx_word' id='word_1_35' title='bbox 1429 498 1481 544; x_wconf 91' lang='lat' dir='ltr'>in</span> 
     </span>
     <span class='ocr_line' id='line_1_6' title="bbox 50 558 1482 623; baseline 0 -14"><span class='ocrx_word' id='word_1_36' title='bbox 50 560 344 622; x_wconf 33' lang='lat' dir='ltr'>,Britannias</span> <span class='ocrx_word' id='word_1_37' title='bbox 375 558 531 618; x_wconf 72' lang='lat' dir='ltr'>exsul,</span> <span class='ocrx_word' id='word_1_38' title='bbox 573 559 748 623; x_wconf 82' lang='lat' dir='ltr'>quietis</span> <span class='ocrx_word' id='word_1_39' title='bbox 782 558 1040 622; x_wconf 76' lang='lat' dir='ltr'>impatiens</span> <span class='ocrx_word' id='word_1_40' title='bbox 1078 563 1298 610; x_wconf 85' lang='lat' dir='ltr'>malefica</span> <span class='ocrx_word' id='word_1_41' title='bbox 1333 564 1482 619; x_wconf 76' lang='lat' dir='ltr'>bestia</span> 
     </span>
     <span class='ocr_line' id='line_1_7' title="bbox 69 626 1484 693; baseline 0.004 -17"><span class='ocrx_word' id='word_1_42' title='bbox 69 629 133 677; x_wconf 84' lang='lat' dir='ltr'>ad</span> <span class='ocrx_word' id='word_1_43' title='bbox 155 647 229 686; x_wconf 88' lang='lat' dir='ltr'>res</span> <span class='ocrx_word' id='word_1_44' title='bbox 251 626 544 693; x_wconf 82' lang='lat' dir='ltr'>perniciosas</span> <span class='ocrx_word' id='word_1_45' title='bbox 576 626 898 690; x_wconf 84' lang='lat' dir='ltr'>consurgebat</span> <span class='ocrx_word' id='word_1_46' title='bbox 929 642 977 675; x_wconf 88' lang='lat' dir='ltr'>et</span> <span class='ocrx_word' id='word_1_47' title='bbox 1008 647 1184 691; x_wconf 85' lang='lat' dir='ltr'>novas,</span> <span class='ocrx_word' id='word_1_48' title='bbox 1230 632 1281 678; x_wconf 93' lang='lat' dir='ltr'>in</span> <span class='ocrx_word' id='word_1_49' title='bbox 1317 633 1484 681; x_wconf 86' lang='lat' dir='ltr'>Theo-</span> 
     </span>
     <span class='ocr_line' id='line_1_8' title="bbox 70 696 1481 767; baseline 0.005 -22"><span class='ocrx_word' id='word_1_50' title='bbox 70 698 261 746; x_wconf 70' lang='lat' dir='ltr'>dosium</span> <span class='ocrx_word' id='word_1_51' title='bbox 281 712 472 745; x_wconf 85' lang='lat' dir='ltr'>tumore</span> <span class='ocrx_word' id='word_1_52' title='bbox 494 696 707 761; x_wconf 84' lang='lat' dir='ltr'>quodam</span> <span class='ocrx_word' id='word_1_53' title='bbox 723 733 736 757; x_wconf 94' lang='lat'>,</span> <span class='ocrx_word' id='word_1_54' title='bbox 769 713 914 759; x_wconf 89' lang='lat' dir='ltr'>quem</span> <span class='ocrx_word' id='word_1_55' title='bbox 938 696 1093 745; x_wconf 83' lang='lat' dir='ltr'>solum</span> <span class='ocrx_word' id='word_1_56' title='bbox 1118 700 1328 750; x_wconf 83' lang='lat' dir='ltr'>refistere</span> <span class='ocrx_word' id='word_1_57' title='bbox 1347 703 1481 767; x_wconf 79' lang='lat' dir='ltr'>poss&#39;e</span> 
     </span>
     <span class='ocr_line' id='line_1_9' title="bbox 68 765 1528 831; baseline 0.004 -17"><span class='ocrx_word' id='word_1_58' title='bbox 68 766 293 815; x_wconf 82' lang='lat' dir='ltr'>nefandis</span> <span class='ocrx_word' id='word_1_59' title='bbox 325 765 705 827; x_wconf 77' lang='lat' dir='ltr'>cogitationibus</span> <span class='ocrx_word' id='word_1_60' title='bbox 742 765 1040 815; x_wconf 60' lang='lat' dir='ltr'>advertebat.</span> <span class='ocrx_word' id='word_1_61' title='bbox 1123 768 1280 817; x_wconf 86' lang='lat' dir='ltr'>Multa</span> <span class='ocrx_word' id='word_1_62' title='bbox 1317 785 1528 831; x_wconf 82' lang='lat' dir='ltr'>tamen5</span> 
     </span>
     <span class='ocr_line' id='line_1_10' title="bbox 68 830 1483 904; baseline -0.002 -20"><span class='ocrx_word' id='word_1_63' title='bbox 68 838 194 884; x_wconf 86' lang='lat' dir='ltr'>clam</span> <span class='ocrx_word' id='word_1_64' title='bbox 214 835 470 898; x_wconf 75' lang='lat' dir='ltr'>palamque</span> <span class='ocrx_word' id='word_1_65' title='bbox 489 830 914 896; x_wconf 66' lang='lat' dir='ltr'>circumspiciens,</span> <span class='ocrx_word' id='word_1_66' title='bbox 944 832 1190 886; x_wconf 76' lang='lat' dir='ltr'>crescente</span> <span class='ocrx_word' id='word_1_67' title='bbox 1211 840 1331 886; x_wconf 78' lang='lat' dir='ltr'>flatu</span> <span class='ocrx_word' id='word_1_68' title='bbox 1348 842 1483 904; x_wconf 79' lang='lat' dir='ltr'>cupi-</span> 
     </span>
     <span class='ocr_line' id='line_1_11' title="bbox 71 900 1479 974; baseline 0.004 -22"><span class='ocrx_word' id='word_1_69' title='bbox 71 903 233 952; x_wconf 87' lang='lat' dir='ltr'>ditatis</span> <span class='ocrx_word' id='word_1_70' title='bbox 253 901 514 949; x_wconf 81' lang='lat' dir='ltr'>immensae</span> <span class='ocrx_word' id='word_1_71' title='bbox 537 900 717 949; x_wconf 77' lang='lat' dir='ltr'>exsules</span> <span class='ocrx_word' id='word_1_72' title='bbox 740 900 1032 949; x_wconf 81' lang='lat' dir='ltr'>sollicitabat</span> <span class='ocrx_word' id='word_1_73' title='bbox 1062 919 1110 952; x_wconf 90' lang='lat' dir='ltr'>et</span> <span class='ocrx_word' id='word_1_74' title='bbox 1141 907 1345 971; x_wconf 86' lang='lat' dir='ltr'>milites,</span> <span class='ocrx_word' id='word_1_75' title='bbox 1387 929 1479 974; x_wconf 82' lang='lat' dir='ltr'>pro</span> 
     </span>
     <span class='ocr_line' id='line_1_12' title="bbox 69 969 1482 1042; baseline 0.002 -21"><span class='ocrx_word' id='word_1_76' title='bbox 69 971 306 1038; x_wconf 87' lang='lat' dir='ltr'>temporis</span> <span class='ocrx_word' id='word_1_77' title='bbox 340 985 488 1036; x_wconf 87' lang='lat' dir='ltr'>captu</span> <span class='ocrx_word' id='word_1_78' title='bbox 518 969 743 1019; x_wconf 80' lang='lat' dir='ltr'>ausorum</span> <span class='ocrx_word' id='word_1_79' title='bbox 773 972 814 1036; x_wconf 76' lang='lat'>⁴)</span> <span class='ocrx_word' id='word_1_80' title='bbox 842 970 1150 1021; x_wconf 81' lang='lat' dir='ltr'>illecebrosas</span> <span class='ocrx_word' id='word_1_81' title='bbox 1196 978 1482 1042; x_wconf 86' lang='lat' dir='ltr'>pollicendo</span> 
     </span>
     <span class='ocr_line' id='line_1_13' title="bbox 70 1040 1531 1107; baseline 0.003 -15"><span class='ocrx_word' id='word_1_82' title='bbox 70 1041 336 1092; x_wconf 74' lang='lat' dir='ltr'>mercedes·</span> <span class='ocrx_word' id='word_1_83' title='bbox 421 1041 622 1107; x_wconf 85' lang='lat' dir='ltr'>Iamque</span> <span class='ocrx_word' id='word_1_84' title='bbox 654 1040 1014 1106; x_wconf 72' lang='lat' dir='ltr'>propinquante</span> <span class='ocrx_word' id='word_1_85' title='bbox 1046 1056 1344 1094; x_wconf 84' lang='lat' dir='ltr'>tentatorum</span> <span class='ocrx_word' id='word_1_86' title='bbox 1377 1050 1531 1099; x_wconf 82' lang='lat' dir='ltr'>effe-6</span> 
     </span>
     <span class='ocr_line' id='line_1_14' title="bbox 72 1109 1485 1174; baseline 0.003 -13"><span class='ocrx_word' id='word_1_87' title='bbox 72 1128 183 1174; x_wconf 88' lang='lat' dir='ltr'>ctu,</span> <span class='ocrx_word' id='word_1_88' title='bbox 222 1110 394 1158; x_wconf 72' lang='lat' dir='ltr'>doctus</span> <span class='ocrx_word' id='word_1_89' title='bbox 423 1111 570 1172; x_wconf 86' lang='lat' dir='ltr'>haec,</span> <span class='ocrx_word' id='word_1_90' title='bbox 610 1109 742 1157; x_wconf 87' lang='lat' dir='ltr'>unde</span> <span class='ocrx_word' id='word_1_91' title='bbox 771 1125 1094 1171; x_wconf 85' lang='lat' dir='ltr'>convenerat,</span> <span class='ocrx_word' id='word_1_92' title='bbox 1147 1112 1243 1160; x_wconf 83' lang='lat' dir='ltr'>dux</span> <span class='ocrx_word' id='word_1_93' title='bbox 1278 1116 1485 1166; x_wconf 81' lang='lat' dir='ltr'>alacrior</span> 
     </span>
     <span class='ocr_line' id='line_1_15' title="bbox 71 1177 1488 1250; baseline 0.001 -18"><span class='ocrx_word' id='word_1_94' title='bbox 71 1184 135 1232; x_wconf 87' lang='lat' dir='ltr'>ad</span> <span class='ocrx_word' id='word_1_95' title='bbox 155 1179 436 1229; x_wconf 82' lang='lat' dir='ltr'>audendum</span> <span class='ocrx_word' id='word_1_96' title='bbox 450 1217 463 1241; x_wconf 90' lang='lat'>,</span> <span class='ocrx_word' id='word_1_97' title='bbox 492 1194 540 1227; x_wconf 83' lang='lat' dir='ltr'>et</span> <span class='ocrx_word' id='word_1_98' title='bbox 560 1179 710 1227; x_wconf 84' lang='lat' dir='ltr'>corde</span> <span class='ocrx_word' id='word_1_99' title='bbox 731 1177 860 1227; x_wconf 84' lang='lat' dir='ltr'>celso</span> <span class='ocrx_word' id='word_1_100' title='bbox 884 1179 947 1226; x_wconf 86' lang='lat' dir='ltr'>ad</span> <span class='ocrx_word' id='word_1_101' title='bbox 968 1180 1234 1229; x_wconf 79' lang='lat' dir='ltr'>vindictam</span> <span class='ocrx_word' id='word_1_102' title='bbox 1264 1203 1488 1250; x_wconf 82' lang='lat' dir='ltr'>comper-</span> 
     </span>
     <span class='ocr_line' id='line_1_16' title="bbox 68 1248 1484 1316; baseline 0.001 -15"><span class='ocrx_word' id='word_1_103' title='bbox 68 1267 237 1300; x_wconf 86' lang='lat' dir='ltr'>torum</span> <span class='ocrx_word' id='word_1_104' title='bbox 256 1262 443 1296; x_wconf 85' lang='lat' dir='ltr'>erectus</span> <span class='ocrx_word' id='word_1_105' title='bbox 457 1286 470 1311; x_wconf 91' lang='lat'>,</span> <span class='ocrx_word' id='word_1_106' title='bbox 500 1248 817 1297; x_wconf 85' lang='lat' dir='ltr'>Valentinum</span> <span class='ocrx_word' id='word_1_107' title='bbox 837 1248 1037 1312; x_wconf 86' lang='lat' dir='ltr'>quidem</span> <span class='ocrx_word' id='word_1_108' title='bbox 1057 1268 1169 1298; x_wconf 88' lang='lat' dir='ltr'>cum</span> <span class='ocrx_word' id='word_1_109' title='bbox 1190 1254 1358 1316; x_wconf 85' lang='lat' dir='ltr'>paucis</span> <span class='ocrx_word' id='word_1_110' title='bbox 1382 1270 1484 1303; x_wconf 82' lang='lat' dir='ltr'>arta</span> 
     </span>
     <span class='ocr_line' id='line_1_17' title="bbox 71 1316 1483 1385; baseline 0.003 -17"><span class='ocrx_word' id='word_1_111' title='bbox 71 1321 164 1368; x_wconf 82' lang='lat' dir='ltr'>libi</span> <span class='ocrx_word' id='word_1_112' title='bbox 202 1319 430 1367; x_wconf 79' lang='lat' dir='ltr'>socictate</span> <span class='ocrx_word' id='word_1_113' title='bbox 472 1316 773 1365; x_wconf 83' lang='lat' dir='ltr'>iunctissimis</span> <span class='ocrx_word' id='word_1_114' title='bbox 810 1318 942 1364; x_wconf 83' lang='lat' dir='ltr'>letali</span> <span class='ocrx_word' id='word_1_115' title='bbox 995 1337 1149 1382; x_wconf 85' lang='lat' dir='ltr'>poena</span> <span class='ocrx_word' id='word_1_116' title='bbox 1196 1322 1483 1385; x_wconf 83' lang='lat' dir='ltr'>plectendos</span> 
     </span>
     <span class='ocr_line' id='line_1_18' title="bbox 70 1386 1484 1459; baseline 0.001 -20"><span class='ocrx_word' id='word_1_117' title='bbox 70 1389 294 1439; x_wconf 84' lang='lat' dir='ltr'>Dulcitio</span> <span class='ocrx_word' id='word_1_118' title='bbox 317 1386 572 1434; x_wconf 84' lang='lat' dir='ltr'>dediderat</span> <span class='ocrx_word' id='word_1_119' title='bbox 594 1386 734 1434; x_wconf 85' lang='lat' dir='ltr'>duci:</span> <span class='ocrx_word' id='word_1_120' title='bbox 773 1387 969 1434; x_wconf 82' lang='lat' dir='ltr'>militari</span> <span class='ocrx_word' id='word_1_121' title='bbox 995 1388 1187 1436; x_wconf 79' lang='lat' dir='ltr'>scientia</span> <span class='ocrx_word' id='word_1_122' title='bbox 1214 1409 1354 1453; x_wconf 89' lang='lat' dir='ltr'>vero,</span> <span class='ocrx_word' id='word_1_123' title='bbox 1388 1412 1484 1459; x_wconf 83' lang='lat' dir='ltr'>qua</span> 
     </span>
     <span class='ocr_line' id='line_1_19' title="bbox 70 1456 1486 1523; baseline 0.001 -16"><span class='ocrx_word' id='word_1_124' title='bbox 70 1458 329 1523; x_wconf 85' lang='lat' dir='ltr'>superabat</span> <span class='ocrx_word' id='word_1_125' title='bbox 354 1456 652 1521; x_wconf 78' lang='lat' dir='ltr'>praesentes,</span> <span class='ocrx_word' id='word_1_126' title='bbox 690 1456 853 1502; x_wconf 82' lang='lat' dir='ltr'>futura</span> <span class='ocrx_word' id='word_1_127' title='bbox 884 1457 1176 1518; x_wconf 62' lang='lat' dir='ltr'>coniiciens‘,</span> <span class='ocrx_word' id='word_1_128' title='bbox 1226 1459 1286 1507; x_wconf 91' lang='lat' dir='ltr'>de</span> <span class='ocrx_word' id='word_1_129' title='bbox 1316 1464 1486 1509; x_wconf 87' lang='lat' dir='ltr'>coniu-</span> 
     </span>
     <span class='ocr_line' id='line_1_20' title="bbox 38 1525 1485 1592; baseline 0.003 -17"><span class='ocrx_word' id='word_1_130' title='bbox 38 1529 187 1578; x_wconf 55' lang='lat' dir='ltr'>&#39;&#39;Tatis</span> <span class='ocrx_word' id='word_1_131' title='bbox 221 1527 523 1592; x_wconf 78' lang='lat' dir='ltr'>quaestiones</span> <span class='ocrx_word' id='word_1_132' title='bbox 573 1525 743 1590; x_wconf 79' lang='lat' dir='ltr'>agitari</span> <span class='ocrx_word' id='word_1_133' title='bbox 784 1525 1063 1588; x_wconf 78' lang='lat' dir='ltr'>prohibuit,</span> <span class='ocrx_word' id='word_1_134' title='bbox 1116 1545 1176 1574; x_wconf 85' lang='lat' dir='ltr'>ne</span> <span class='ocrx_word' id='word_1_135' title='bbox 1218 1530 1485 1579; x_wconf 83' lang='lat' dir='ltr'>formidine</span> 
     </span>
     <span class='ocr_line' id='line_1_21' title="bbox 71 1592 1486 1663; baseline 0.001 -17"><span class='ocrx_word' id='word_1_136' title='bbox 71 1597 230 1663; x_wconf 78' lang='lat' dir='ltr'>sparsa</span> <span class='ocrx_word' id='word_1_137' title='bbox 254 1613 341 1659; x_wconf 87' lang='lat' dir='ltr'>per</span> <span class='ocrx_word' id='word_1_138' title='bbox 367 1595 574 1656; x_wconf 84' lang='lat' dir='ltr'>multos,</span> <span class='ocrx_word' id='word_1_139' title='bbox 620 1593 963 1642; x_wconf 74' lang='lat' dir='ltr'>reviviscerent</span> <span class='ocrx_word' id='word_1_140' title='bbox 994 1592 1357 1659; x_wconf 84' lang='lat' dir='ltr'>provinciarum</span> <span class='ocrx_word' id='word_1_141' title='bbox 1390 1615 1486 1647; x_wconf 77' lang='lat' dir='ltr'>tur-</span> 
     </span>
     <span class='ocr_line' id='line_1_22' title="bbox 74 1663 511 1729; baseline -0.011 -14"><span class='ocrx_word' id='word_1_142' title='bbox 74 1667 216 1715; x_wconf 86' lang='lat' dir='ltr'>bines</span> <span class='ocrx_word' id='word_1_143' title='bbox 237 1663 511 1729; x_wconf 81' lang='lat' dir='ltr'>compoliti.</span> 
     </span>
    </p>

    <p class='ocr_par' dir='ltr' id='par_1_3' title="bbox 75 1731 1531 2404">
     <span class='ocr_line' id='line_1_23' title="bbox 178 1731 1531 1802; baseline 0.002 -21"><span class='ocrx_word' id='word_1_144' title='bbox 178 1734 310 1782; x_wconf 88' lang='lat' dir='ltr'>Hinc</span> <span class='ocrx_word' id='word_1_145' title='bbox 333 1732 397 1781; x_wconf 85' lang='lat' dir='ltr'>ad</span> <span class='ocrx_word' id='word_1_146' title='bbox 419 1731 710 1797; x_wconf 83' lang='lat' dir='ltr'>corrigenda</span> <span class='ocrx_word' id='word_1_147' title='bbox 746 1733 886 1798; x_wconf 84' lang='lat' dir='ltr'>plura</span> <span class='ocrx_word' id='word_1_148' title='bbox 914 1732 1172 1781; x_wconf 88' lang='lat' dir='ltr'>conversus</span> <span class='ocrx_word' id='word_1_149' title='bbox 1204 1748 1252 1781; x_wconf 89' lang='lat' dir='ltr'>et</span> <span class='ocrx_word' id='word_1_150' title='bbox 1281 1735 1531 1802; x_wconf 82' lang='lat' dir='ltr'>neceffa-7</span> 
     </span>
     <span class='ocr_line' id='line_1_24' title="bbox 75 1801 1486 1868; baseline 0.001 -15"><span class='ocrx_word' id='word_1_151' title='bbox 75 1806 144 1853; x_wconf 82' lang='lat' dir='ltr'>ria</span> <span class='ocrx_word' id='word_1_152' title='bbox 160 1842 173 1865; x_wconf 95' lang='lat'>,</span> <span class='ocrx_word' id='word_1_153' title='bbox 205 1803 426 1868; x_wconf 91' lang='lat' dir='ltr'>periculo</span> <span class='ocrx_word' id='word_1_154' title='bbox 448 1802 642 1866; x_wconf 57' lang='lat' dir='ltr'>‘penitus</span> <span class='ocrx_word' id='word_1_155' title='bbox 662 1801 864 1866; x_wconf 87' lang='lat' dir='ltr'>dempto</span> <span class='ocrx_word' id='word_1_156' title='bbox 879 1839 891 1863; x_wconf 88' lang='lat'>,</span> <span class='ocrx_word' id='word_1_157' title='bbox 930 1821 1044 1850; x_wconf 89' lang='lat' dir='ltr'>cum</span> <span class='ocrx_word' id='word_1_158' title='bbox 1065 1817 1226 1867; x_wconf 85' lang='lat' dir='ltr'>aperte</span> <span class='ocrx_word' id='word_1_159' title='bbox 1247 1804 1486 1854; x_wconf 84' lang='lat' dir='ltr'>constaret</span> 
     </span>
     <span class='ocr_line' id='line_1_25' title="bbox 77 1870 1486 1936; baseline -0.001 -15"><span class='ocrx_word' id='word_1_160' title='bbox 77 1874 210 1921; x_wconf 73' lang='lat' dir='ltr'>nullzi</span> <span class='ocrx_word' id='word_1_161' title='bbox 232 1873 333 1920; x_wconf 86' lang='lat' dir='ltr'>eius</span> <span class='ocrx_word' id='word_1_162' title='bbox 357 1886 531 1935; x_wconf 83' lang='lat' dir='ltr'>coepta</span> <span class='ocrx_word' id='word_1_163' title='bbox 556 1871 823 1936; x_wconf 84' lang='lat' dir='ltr'>propitiam</span> <span class='ocrx_word' id='word_1_164' title='bbox 845 1870 1098 1919; x_wconf 82' lang='lat' dir='ltr'>deseruiffe</span> <span class='ocrx_word' id='word_1_165' title='bbox 1116 1873 1379 1935; x_wconf 84' lang='lat' dir='ltr'>fortunam,</span> <span class='ocrx_word' id='word_1_166' title='bbox 1415 1874 1486 1921; x_wconf 88' lang='lat' dir='ltr'>iu-</span> 
     </span>
     <span class='ocr_line' id='line_1_26' title="bbox 75 1940 1484 2005; baseline 0.001 -15"><span class='ocrx_word' id='word_1_167' title='bbox 75 1943 316 1990; x_wconf 82' lang='lat' dir='ltr'>staurabat</span> <span class='ocrx_word' id='word_1_168' title='bbox 339 1942 484 1988; x_wconf 85' lang='lat' dir='ltr'>urbes</span> <span class='ocrx_word' id='word_1_169' title='bbox 507 1955 554 1988; x_wconf 87' lang='lat' dir='ltr'>et</span> <span class='ocrx_word' id='word_1_170' title='bbox 580 1940 914 2005; x_wconf 76' lang='lat' dir='ltr'>praesidiaria,</span> <span class='ocrx_word' id='word_1_171' title='bbox 958 1955 1013 1987; x_wconf 88' lang='lat' dir='ltr'>ut</span> <span class='ocrx_word' id='word_1_172' title='bbox 1042 1941 1273 2003; x_wconf 83' lang='lat' dir='ltr'>diximus,</span> <span class='ocrx_word' id='word_1_173' title='bbox 1319 1943 1484 2004; x_wconf 83' lang='lat' dir='ltr'>castra,</span> 
     </span>
     <span class='ocr_line' id='line_1_27' title="bbox 75 2009 1485 2076; baseline 0.001 -18"><span class='ocrx_word' id='word_1_174' title='bbox 75 2012 354 2076; x_wconf 89' lang='lat' dir='ltr'>limitesque</span> <span class='ocrx_word' id='word_1_175' title='bbox 387 2009 565 2073; x_wconf 83' lang='lat' dir='ltr'>vigiliis</span> <span class='ocrx_word' id='word_1_176' title='bbox 594 2010 820 2056; x_wconf 85' lang='lat' dir='ltr'>tuebatur</span> <span class='ocrx_word' id='word_1_177' title='bbox 847 2023 896 2057; x_wconf 88' lang='lat' dir='ltr'>ct</span> <span class='ocrx_word' id='word_1_178' title='bbox 939 2009 1286 2073; x_wconf 80' lang='lat' dir='ltr'>praetenturis:</span> <span class='ocrx_word' id='word_1_179' title='bbox 1351 2030 1485 2059; x_wconf 79' lang='lat' dir='ltr'>recu·</span> 
     </span>
     <span class='ocr_line' id='line_1_28' title="bbox 77 2077 1485 2145; baseline -0.001 -18"><span class='ocrx_word' id='word_1_180' title='bbox 77 2094 393 2145; x_wconf 87' lang='lat' dir='ltr'>peratamque</span> <span class='ocrx_word' id='word_1_181' title='bbox 421 2079 751 2142; x_wconf 80' lang='lat' dir='ltr'>provinciam,</span> <span class='ocrx_word' id='word_1_182' title='bbox 806 2095 929 2142; x_wconf 83' lang='lat' dir='ltr'>quae</span> <span class='ocrx_word' id='word_1_183' title='bbox 962 2079 1014 2124; x_wconf 86' lang='lat' dir='ltr'>in</span> <span class='ocrx_word' id='word_1_184' title='bbox 1042 2079 1078 2143; x_wconf 86' lang='lat'>⁵)</span> <span class='ocrx_word' id='word_1_185' title='bbox 1101 2077 1338 2126; x_wconf 85' lang='lat' dir='ltr'>ditionem</span> <span class='ocrx_word' id='word_1_186' title='bbox 1369 2098 1485 2127; x_wconf 87' lang='lat' dir='ltr'>con-</span> 
     </span>
     <span class='ocr_line' id='line_1_29' title="bbox 78 2146 1484 2210; baseline -0.001 -14"><span class='ocrx_word' id='word_1_187' title='bbox 78 2148 277 2197; x_wconf 75' lang='lat' dir='ltr'>‹zefferat</span> <span class='ocrx_word' id='word_1_188' title='bbox 303 2147 542 2208; x_wconf 81' lang='lat' dir='ltr'>hostium,</span> <span class='ocrx_word' id='word_1_189' title='bbox 582 2148 648 2194; x_wconf 81' lang='lat' dir='ltr'>ita</span> <span class='ocrx_word' id='word_1_190' title='bbox 683 2146 964 2194; x_wconf 80' lang='lat' dir='ltr'>reddiderat</span> <span class='ocrx_word' id='word_1_191' title='bbox 997 2147 1135 2194; x_wconf 78' lang='lat' dir='ltr'>statui</span> <span class='ocrx_word' id='word_1_192' title='bbox 1164 2148 1389 2210; x_wconf 79' lang='lat' dir='ltr'>pristino,</span> <span class='ocrx_word' id='word_1_193' title='bbox 1429 2163 1484 2195; x_wconf 87' lang='lat' dir='ltr'>ut</span> 
     </span>
     <span class='ocr_line' id='line_1_30' title="bbox 80 2215 1484 2278; baseline -0.001 -12"><span class='ocrx_word' id='word_1_194' title='bbox 80 2217 257 2266; x_wconf 86' lang='lat' dir='ltr'>eodem</span> <span class='ocrx_word' id='word_1_195' title='bbox 279 2217 514 2263; x_wconf 83' lang='lat' dir='ltr'>referente</span> <span class='ocrx_word' id='word_1_196' title='bbox 540 2229 587 2262; x_wconf 84' lang='lat' dir='ltr'>et</span> <span class='ocrx_word' id='word_1_197' title='bbox 613 2231 851 2264; x_wconf 83' lang='lat' dir='ltr'>rectorem</span> <span class='ocrx_word' id='word_1_198' title='bbox 877 2215 1080 2263; x_wconf 83' lang='lat' dir='ltr'>haberet</span> <span class='ocrx_word' id='word_1_199' title='bbox 1103 2216 1398 2278; x_wconf 82' lang='lat' dir='ltr'>legitimum,</span> <span class='ocrx_word' id='word_1_200' title='bbox 1437 2231 1484 2264; x_wconf 87' lang='lat' dir='ltr'>et</span> 
     </span>
     <span class='ocr_line' id='line_1_31' title="bbox 79 2282 1484 2350; baseline -0.001 -15"><span class='ocrx_word' id='word_1_201' title='bbox 79 2285 306 2335; x_wconf 87' lang='lat' dir='ltr'>Valentia</span> <span class='ocrx_word' id='word_1_202' title='bbox 326 2282 504 2331; x_wconf 87' lang='lat' dir='ltr'>deinde</span> <span class='ocrx_word' id='word_1_203' title='bbox 527 2299 781 2332; x_wconf 81' lang='lat' dir='ltr'>vocaretur</span> <span class='ocrx_word' id='word_1_204' title='bbox 799 2286 1001 2333; x_wconf 83' lang='lat' dir='ltr'>arbitrio</span> <span class='ocrx_word' id='word_1_205' title='bbox 1030 2283 1068 2348; x_wconf 85' lang='lat'>⁶)</span> <span class='ocrx_word' id='word_1_206' title='bbox 1093 2283 1331 2350; x_wconf 86' lang='lat' dir='ltr'>Principis</span> <span class='ocrx_word' id='word_1_207' title='bbox 1352 2286 1484 2333; x_wconf 84' lang='lat' dir='ltr'>velut</span> 
     </span>
     <span class='ocr_line' id='line_1_32' title="bbox 85 2368 521 2404; baseline -0.013 0"><span class='ocrx_word' id='word_1_208' title='bbox 85 2368 288 2404; x_wconf 83' lang='lat' dir='ltr'>ovantls.</span> <span class='ocrx_word' id='word_1_209' title='bbox 437 2389 445 2397; x_wconf 90' lang='lat'><strong>.</strong></span> <span class='ocrx_word' id='word_1_210' title='bbox 475 2389 521 2397; x_wconf 92' lang='lat'>..</span> 
     </span>
    </p>

    <p class='ocr_par' dir='ltr' id='par_1_4' title="bbox 80 2419 1527 2558">
     <span class='ocr_line' id='line_1_33' title="bbox 180 2419 1527 2484; baseline -0.002 -13"><span class='ocrx_word' id='word_1_211' title='bbox 180 2425 400 2471; x_wconf 85' lang='lat' dir='ltr'>Areanos</span> <span class='ocrx_word' id='word_1_212' title='bbox 423 2438 573 2484; x_wconf 77' lang='lat' dir='ltr'>genus</span> <span class='ocrx_word' id='word_1_213' title='bbox 597 2422 857 2468; x_wconf 87' lang='lat' dir='ltr'>hominum</span> <span class='ocrx_word' id='word_1_214' title='bbox 879 2441 902 2469; x_wconf 86' lang='lat' dir='ltr'>a</span> <span class='ocrx_word' id='word_1_215' title='bbox 925 2420 1167 2469; x_wconf 73' lang='lat' dir='ltr'>veteribus</span> <span class='ocrx_word' id='word_1_216' title='bbox 1192 2419 1480 2483; x_wconf 86' lang='lat' dir='ltr'>institutum,</span> <span class='ocrx_word' id='word_1_217' title='bbox 1498 2436 1527 2478; x_wconf 78' lang='grc'><strong>8</strong></span> 
     </span>
     <span class='ocr_line' id='line_1_34' title="bbox 80 2489 1480 2558; baseline -0.001 -18"><span class='ocrx_word' id='word_1_218' title='bbox 80 2492 224 2558; x_wconf 76' lang='lat' dir='ltr'>super</span> <span class='ocrx_word' id='word_1_219' title='bbox 248 2492 426 2556; x_wconf 80' lang='lat' dir='ltr'>quibus</span> <span class='ocrx_word' id='word_1_220' title='bbox 447 2491 607 2555; x_wconf 81' lang='lat' dir='ltr'>aliqua</span> <span class='ocrx_word' id='word_1_221' title='bbox 627 2491 677 2538; x_wconf 91' lang='lat' dir='ltr'>in</span> <span class='ocrx_word' id='word_1_222' title='bbox 700 2491 888 2538; x_wconf 83' lang='lat' dir='ltr'>actibus</span> <span class='ocrx_word' id='word_1_223' title='bbox 913 2489 1181 2539; x_wconf 73' lang='lat' dir='ltr'>Constantis</span> <span class='ocrx_word' id='word_1_224' title='bbox 1213 2490 1480 2553; x_wconf 83' lang='lat' dir='ltr'>retulimus,</span> 
     </span>
    </p>
   </div>
   <div class='ocr_carea' id='block_1_3' title="bbox 374 2616 650 2622">
    <p class='ocr_par' dir='ltr' id='par_1_5' title="bbox 374 2616 650 2622">
     <span class='ocr_line' id='line_1_35' title="bbox 374 2616 650 2622; baseline 0 0"><span class='ocrx_word' id='word_1_225' title='bbox 374 2616 650 2622; x_wconf 95' lang='lat' dir='ltr'> </span> 
     </span>
    </p>
   </div>
   <div class='ocr_carea' id='block_1_4' title="bbox 90 2673 1488 2820">
    <p class='ocr_par' dir='ltr' id='par_1_6' title="bbox 90 2673 1488 2820">
     <span class='ocr_line' id='line_1_36' title="bbox 133 2673 1487 2724; baseline -0.004 -11"><span class='ocrx_word' id='word_1_226' title='bbox 133 2687 169 2724; x_wconf 61' lang='grc' dir='ltr'>ᾖ)</span> <span class='ocrx_word' id='word_1_227' title='bbox 206 2678 273 2713; x_wconf 90' lang='lat' dir='ltr'>Ms.</span> <span class='ocrx_word' id='word_1_228' title='bbox 309 2677 594 2713; x_wconf 66' lang='lat' dir='ltr'>Valentinianus.</span> <span class='ocrx_word' id='word_1_229' title='bbox 651 2681 687 2723; x_wconf 64' lang='lat' dir='ltr'>l.)</span> <span class='ocrx_word' id='word_1_230' title='bbox 724 2680 774 2712; x_wconf 81' lang='lat' dir='ltr'>al.</span> <span class='ocrx_word' id='word_1_231' title='bbox 810 2676 1008 2711; x_wconf 44' lang='lat' dir='ltr'>illem-lnam</span> <span class='ocrx_word' id='word_1_232' title='bbox 1066 2677 1102 2716; x_wconf 65' lang='lat'>5)</span> <span class='ocrx_word' id='word_1_233' title='bbox 1131 2673 1196 2708; x_wconf 73' lang='grc' dir='ltr'>ΜΓ.</span> <span class='ocrx_word' id='word_1_234' title='bbox 1228 2675 1393 2710; x_wconf 76' lang='lat' dir='ltr'>ditiones.</span> <span class='ocrx_word' id='word_1_235' title='bbox 1450 2675 1487 2720; x_wconf 80' lang='grc'>6)</span> 
     </span>
     <span class='ocr_line' id='line_1_37' title="bbox 90 2720 1488 2778; baseline -0.004 -19"><span class='ocrx_word' id='word_1_236' title='bbox 90 2726 156 2762; x_wconf 79' lang='lat' dir='ltr'>Ms.</span> <span class='ocrx_word' id='word_1_237' title='bbox 185 2725 363 2778; x_wconf 78' lang='lat' dir='ltr'>Principis</span> <span class='ocrx_word' id='word_1_238' title='bbox 397 2726 488 2760; x_wconf 68' lang='lat' dir='ltr'>velut</span> <span class='ocrx_word' id='word_1_239' title='bbox 518 2739 584 2759; x_wconf 65' lang='lat' dir='ltr'>on</span> <span class='ocrx_word' id='word_1_240' title='bbox 611 2752 619 2760; x_wconf 91' lang='lat'>.</span> <span class='ocrx_word' id='word_1_241' title='bbox 655 2755 657 2757; x_wconf 95' lang='lat'>.</span> <span class='ocrx_word' id='word_1_242' title='bbox 691 2735 701 2758; x_wconf 88' lang='lat' dir='ltr'>t</span> <span class='ocrx_word' id='word_1_243' title='bbox 732 2752 737 2758; x_wconf 95' lang='lat'>.</span> <span class='ocrx_word' id='word_1_244' title='bbox 770 2752 774 2757; x_wconf 93' lang='lat'>.</span> <span class='ocrx_word' id='word_1_245' title='bbox 808 2752 813 2756; x_wconf 92' lang='lat'><em>.</em></span> <span class='ocrx_word' id='word_1_246' title='bbox 845 2723 951 2757; x_wconf 62' lang='lat' dir='ltr'>iudi«,</span> <span class='ocrx_word' id='word_1_247' title='bbox 977 2724 1102 2757; x_wconf 76' lang='lat' dir='ltr'>nuntio</span> <span class='ocrx_word' id='word_1_248' title='bbox 1134 2720 1222 2758; x_wconf 54' lang='lat' dir='ltr'>inest</span> <span class='ocrx_word' id='word_1_249' title='bbox 1249 2723 1354 2757; x_wconf 66' lang='lat' dir='ltr'>etima</span> <span class='ocrx_word' id='word_1_250' title='bbox 1388 2734 1488 2770; x_wconf 50' lang='lat' dir='ltr'>psan-</span> 
     </span>
     <span class='ocr_line' id='line_1_38' title="bbox 94 2773 411 2820; baseline 0.003 -15"><span class='ocrx_word' id='word_1_251' title='bbox 94 2773 212 2820; x_wconf 65' lang='lat' dir='ltr'>ripua.</span> <span class='ocrx_word' id='word_1_252' title='bbox 263 2773 411 2806; x_wconf 73' lang='lat' dir='ltr'>Arianm</span> 
     </span>
    </p>
   </div>
  </div>
 </body>
</html>
