1727 3144
476 165 929 198 CONSTANTIUS.
999 152 1116 196 555.
1470 155 1534 211 59

122 274 334 340 percitus
366 292 426 324 an
468 275 749 342 praesagio,
809 275 875 342 ⁴⁰)
919 276 1148 335 Silvanus
1185 276 1398 322 devictas
1435 280 1530 338 est,

119 343 306 406 :magnis
328 347 533 394 vocibus
563 347 869 394 exclamaret.

222 412 378 475 Igitur
397 417 597 464 Silvano
617 415 949 481 Agrippinae,
988 427 1044 460 ut
1075 412 1280 460 relatum
1313 413 1402 474 est,
1443 413 1596 470 iii-35

121 481 352 544 terfecto‚
381 486 720 534 inaestimabili
750 484 931 549 gaudio
962 500 1014 531 re
1041 483 1261 546 cognita,
1299 484 1529 548 princeps

115 546 372 599 insolentia
393 556 598 603 coalitus
620 568 667 604 et
698 569 916 615 tumore,
955 552 1054 600 hoc
1084 569 1282 617 quoque
1310 552 1530 600 felicita-

115 617 178 663 tis
218 618 331 669 suae
374 623 617 689 prosperis
655 623 872 672 curfihus
910 621 1217 686 adfignabat:
1271 639 1331 670 eo
1371 640 1527 683 more,

117 703 218 750 quo
247 687 439 756 semper
470 694 641 741 oderat
671 693 863 741 fortiter
894 692 1152 751 facientes,
1185 705 1250 747 ¹ut
1273 691 1527 756 quondam

114 754 455 823 Domitianus,
499 761 726 827 superare
747 776 910 810 tamen
933 779 1243 827 quacumque
1265 775 1366 808 arte
1395 779 1527 807 con-

115 826 259 874 traria
290 831 537 894 cupiebat.
619 831 935 896 Tantumque
965 830 1123 877 abfuit
1148 829 1349 877 laudare
1369 830 1525 876 indu-
1538 836 1596 880 56

110 892 224 942 strie
247 898 400 961 gesta,
434 915 490 947 ut
511 901 656 948 etiam
679 900 920 966 quaedam
939 899 1173 947 scriberet
1208 899 1268 947 de
1301 900 1527 946 Gallica-

111 962 187 1010 nis
208 965 478 1033 intercepta
500 969 736 1017 thesauris
750 993 767 1032 ‚>
797 988 922 1034 quos
947 986 1095 1016 nemo
1118 969 1357 1034 attigerat.
1431 968 1527 1015 ld-

113 1048 208 1094 que
242 1034 448 1099 scrutari
494 1039 691 1086 iuss'erat
739 1040 913 1100 artius,
961 1039 1263 1103 interrogato
1320 1038 1526 1101 Reniigo

110 1101 372 1152 etiamtum
385 1108 652 1158 rationario
675 1106 996 1172 adparitionis
1016 1125 1266 1154 armorum
1289 1107 1526 1171 magistri:

111 1171 193 1218 cui
221 1176 379 1223 multo
411 1178 575 1241 'postea
604 1172 937 1225 Valentiniani
974 1177 1284 1241 temporibus
1322 1179 1525 1240 laqueus

110 1239 259 1288 vitam
280 1243 332 1290 in
356 1244 496 1292 causa
523 1246 860 1310 Tripolitanae
879 1245 1138 1309 legationis
1159 1245 1354 1309 cripuit.
1413 1245 1525 1292 Post
1537 1252 1592 1308 57

111 1325 235 1371 quae
260 1311 326 1357 ita
353 1315 625 1377 completa,
655 1314 991 1372 Constantius,
1022 1327 1078 1359 ut
1106 1313 1202 1359 iam
1233 1314 1370 1359 caclo
1396 1331 1526 1360 con—

108 1378 294 1441 tiguus,
331 1381 618 1445 calibusque
645 1382 972 1445 imperaturus
1012 1380 1265 1440 humanis,
1316 1385 1373 1444 ⁴¹)
1415 1402 1527 1429 ma—

107 1448 445 1513 gniloquentia
474 1449 754 1498 sufflabatur
775 1450 1115 1496 adulatorum:
1157 1468 1280 1514 quos
1317 1453 1525 1515 augebat

107 1514 236 1578 ipse,
294 1517 570 1583 spernendo
621 1518 1033 1583 proiicicndoque
1072 1518 1126 1564 id
1164 1537 1313 1581 genus
1350 1522 1524 1584 parum

108 1585 356 1635 callentes.
445 1588 515 1634 Ut
555 1585 790 1635 Croesum
843 1587 1050 1649 legimus
1085 1586 1200 1633 idco
1245 1607 1396 1651 regno
1435 1588 1523 1637 suo

108 1653 344 1703 Solonem
376 1655 606 1721 expulisse
639 1655 984 1720 praecipitem,
1032 1656 1146 1719 quia
1184 1656 1398 1703 blandiri
1429 1676 1525 1705 iic-

105 1721 313 1772 sciebat:
359 1740 406 1773 et
431 1725 724 1792 'Dionyliuni
760 1723 1013 1774 intentaffe
1041 1731 1216 1789 poetae
1248 1725 1524 1774 Philoxeno

106 1806 342 1857 mortem,
376 1814 490 1843 cum
514 1813 626 1843 cum
660 1793 946 1841 recitantem
975 1794 1202 1858 proprios
1235 1795 1396 1842 versus
1429 1797 1525 1842 ali--

105 1859 279 1910 surdos
313 1877 362 1911 et
385 1865 733 1923 inconcinnos⁷
780 1862 1093 1910 laudantibus
1129 1865 1344 1922 cunctis,
1393 1864 1523 1913 solus

107 1931 299 1979 audiret
339 1932 626 1981 immobilis.
709 1935 850 1996 Quae
883 1950 957 1978 res
987 1932 1257 1996 perniciosa
1288 1935 1520 1981 vitiorum
1534 1943 1590 1985 38

108 1998 174 2046 est
191 2001 354 2049 altrix:
391 2020 450 2050 eo
477 2002 676 2050 demum
715 2001 844 2049 enim
873 2001 977 2048 laus
1011 2016 1142 2063 grata
1176 2002 1267 2049 else
1299 2004 1524 2066 potestati

108 2066 256 2117 debet
277 2070 510 2129 excelsae,
541 2091 655 2119 cum
677 2070 926 2118 interdum
949 2085 996 2118 et
1017 2071 1365 2136 vituperationi
1384 2072 1520 2120 secus

107 2138 350 2201 gestorum
376 2154 538 2205 pateat
556 2142 711 2188 locus.

208 2209 298 2256 Vl.
342 2211 549 2275 Iamque
582 2210 688 2274 post
715 2207 1022 2273 securitatem
1059 2208 1364 2272 quaestiones
1411 2208 1557 2272 agi-1

108 2275 335 2326 tabantur
362 2280 399 2344 ¹)
429 2296 490 2326 ex
519 2296 682 2339 more,
724 2292 771 2326 et
798 2277 1005 2325 vinculis
1041 2277 1321 2342 catenisque
1359 2278 1522 2340 plures

108 2358 163 2390 ut
191 2348 326 2394 noxii
354 2349 395 2413 ²)
430 2349 784 2412 plectebantur.
865 2344 1165 2409 Exsurgebat
1211 2347 1339 2392 enini
1374 2346 1526 2393 effer-

109 2429 224 2462 vens
245 2418 426 2464 laetitia
453 2417 660 2478 Paulus,
693 2430 928 2463 tartareus
960 2415 1042 2462 ille
1073 2413 1286 2471 delator,
1334 2414 1394 2460 ad
1431 2433 1524 2463 ve-

113 2499 307 2532 nenatas
338 2500 462 2534 artes
500 2485 606 2533 suas
637 2486 861 2533 licentius
897 2484 1217 2538 exercendas:
1275 2497 1321 2530 ct
1349 2484 1522 2547 inqui-

111 2555 328 2602 rentibus
350 2555 397 2601 in
423 2555 674 2620 negotium
707 2553 1072 2603 Conssltorianis
1104 2567 1250 2617 atquc
1284 2552 1521 2601 Militari-

161 2743 222 2785 4ο)
257 2741 325 2775 Ms.
365 2753 398 2776 et
432 2740 596 2778 Silvanus
627 2742 723 2794 'tl->vii
753 2740 814 2776 (fi.
866 2746 924 2785 41)
951 2738 1194 2788 *rtistfillslue
1221 2740 1290 2776 ΜΓ.
1320 2740 1427 2778 deest.
1488 2747 1522 2790 1)

112 2782 179 2821 Ms.
209 2799 250 2820 cx
277 2801 374 2823 more
398 2787 456 2824 de.
512 2799 547 2831 2)
570 2790 639 2824 Mt.
680 2790 905 2839 petebantur.
