1727 3144
238 0 300 102 s
1210 26 1226 46 “

252 168 317 230 96
487 182 758 217 ΑΜΜΙΛΝῙ
792 184 1178 219 MARcEme
1224 189 1333 235 τινι,
1372 180 1480 222 11.'

248 310 338 358 per
357 310 411 341 ea
433 307 689 358 erupturos
713 293 1042 359 proculdubio
1065 296 1369 361 grassatores:
1392 299 1428 363 ¹)
1452 314 1539 344 nec
1567 315 1649 346 eo-

207 368 386 412 6natus
408 363 572 410 irritus
594 364 702 409 fuit.
785 366 984 412 Cunctis
1006 367 1170 428 enim,
1214 368 1300 431 qui
1329 386 1415 433 per
1445 385 1527 415 eos
1557 381 1651 413 tra-

247 433 389 480 mites
421 432 577 480 exiere
613 433 870 493 truncatis,
907 449 1198 499 receptaque
1224 437 1403 502 praeda
1423 435 1556 482 omni
1579 435 1650 481 in-

249 515 395 563 tacta,
439 502 493 548 hi
525 500 614 548 soli
648 502 834 547 innoxii
862 503 1073 550 ahloluti
1090 504 1223 566 sunt,
1257 507 1342 570 qui
1368 523 1449 569 per
1469 504 1648 550 vallum

245 569 556 618 Barbationis
600 570 830 617 transiere
878 572 1054 619 l‘eeuri:
1113 573 1228 622 ideo
1275 577 1372 622 labi
1421 571 1648 637 permiffi,

245 639 381 702 quod
408 638 750 707 Bainobaudes
773 640 994 687 tribunus
1020 656 1066 688 et
1096 643 1460 690 Valentinianus
1492 642 1650 705 postea
1703 672 1707 678 -

246 709 544 772 Imperator,
587 710 700 755 eum
731 709 1030 772 equestribus
1060 714 1232 759 turmis
1262 731 1377 776 quas
1403 713 1646 775 regebant,

245 778 307 824 ad
333 775 692 840 exsequendum
717 777 767 823 id
798 777 1036 840 ordinati,
1070 799 1094 826 a
1119 782 1250 828 Cella
1277 783 1475 827 tribuno
1502 778 1650 825 l'euta-

245 846 456 904 riorum,
499 847 583 910 qui
612 846 894 893 Barbationi
920 847 1126 895 sociatus
1157 864 1350 897 venerat
1370 851 1432 895 ad
1457 850 1647 913 prociu-

223 912 405 974 'ctum,
438 915 529 960 iter
553 913 803 961 observare
826 914 933 962 sunt
953 918 1116 976 vetiti,
1147 918 1279 965 unde
1309 918 1551 971 redituros
1575 915 1647 960 ‹li-

199 982 407 1037 7dieere
447 986 731 1030 Germanos.
827 985 941 1040 Quo
991 1003 1090 1031 non
1128 1001 1385 1034 contentus
1422 986 1672 1047 magister

242 1052 465 1116 peditum
488 1052 684 1115 ignavus
700 1089 712 1113 ,
734 1066 790 1099 et
814 1054 1073 1116 gloriarum
1104 1056 1278 1101 Iuliani
1304 1046 1524 1119 pervicass
1558 1054 1644 1098 ob-

239 1135 497 1180 trectator,
534 1119 711 1181 sciens,
754 1120 802 1167 l'e
830 1121 882 1167 id
905 1137 1074 1169 eontra
1094 1124 1351 1172 utilitatem
1374 1124 1644 1170 Romanam

240 1188 411 1236 iuffiffe
444 1189 562 1250 (hoc
589 1190 720 1235 enim
754 1208 867 1236 eum
894 1206 1196 1253 argueretur,
1243 1193 1375 1240 Cella
1403 1190 1644 1239 cousess‘us

241 1258 326 1323 est)
358 1257 589 1304 relatione
625 1257 798 1303 fefellit
838 1259 1194 1306 Constantium:
1246 1261 1510 1324 finxitque,
1551 1260 1643 1306 hos

242 1325 443 1374 eosdem
487 1326 711 1372 tribunos
760 1324 820 1371 ad
874 1325 1201 1374 sollicitandos
1253 1328 1457 1389 milites,
1517 1346 1642 1392 quos

242 1395 471 1454 duxerat,
517 1413 602 1458 per
638 1392 849 1457 speeiem
880 1394 1056 1442 venill'e
1087 1397 1269 1459 negotii
1297 1397 1508 1460 publici:
1547 1415 1644 1460 qua

241 1463 405 1524 eausa,
443 1465 673 1527 abrogata
697 1463 926 1526 potestate
947 1464 1009 1510 ad
1028 1466 1148 1513 lares
1171 1466 1358 1514 rediere
1390 1466 1583 1532 privati.

195 1547 223 1589 3
342 1532 526 1580 Iisdem
574 1531 747 1578 diebus
795 1533 1093 1580 exercituum
1138 1534 1350 1582 adventu
1395 1533 1665 1600 perterriti·

238 1601 458 1661 barbari,
504 1600 589 1663 qui
619 1600 868 1646 domicilia
900 1604 1046 1648 fixere
1079 1603 1147 1648 eis
1176 1603 1426 1665 Rhenum,
1462 1604 1641 1668 partim

240 1670 461 1717 difficiles
486 1669 610 1729 vias,
649 1682 696 1715 et
716 1666 882 1732 suapte
911 1683 1079 1716 natura
1099 1671 1300 1718 cliv-osas
1319 1672 1359 1731 ²)
1380 1671 1640 1720 concaedi-

239 1741 329 1786 bus
370 1737 583 1785 clausere
613 1735 855 1797 sollerter,
905 1739 1162 1786 arboribus
1194 1733 1416 1787 immeuli
1446 1740 1640 1788 roboris

237 1807 406 1856 caelis:
450 1807 529 1854 alii
564 1807 812 1870 occupatis
844 1806 1009 1855 insulis
1039 1808 1205 1873 sparsis
1236 1810 1411 1857 crebro
1443 1828 1529 1874 per
1551 1812 1639 1856 flu-

237 1895 350 1924 men
379 1876 629 1936 Rhenum,
676 1875 914 1923 ululantes
945 1877 1150 1941 lugubre
1191 1878 1425 1925 conviciis
1464 1893 1511 1925 et
1544 1878 1638 1923 Ro-

237 1964 407 1993 manos
437 1944 731 1991 incellebant
762 1958 808 1990 et
839 1944 1117 1993 Caesarem:
1152 1947 1236 2010 qui
1256 1948 1476 2011 graviore
1498 1961 1637 1994 motu

238 2014 387 2061 animi
416 2013 652 2077 percitus,
692 2011 754 2058 ad
784 2014 1122 2077 corripiendos
1157 2016 1371 2079 aliquos,
1401 2016 1585 2080 septem
1608 2034 1634 2062 a

236 2083 532 2131 Barbatione
587 2081 792 2145 petierat
845 2099 1013 2143 naves,
1061 2102 1116 2129 ex
1163 2084 1266 2140 his,
1307 2103 1448 2148 quas,
1501 2085 1632 2131 velut

237 2152 524 2199 transiturus
561 2167 778 2209 amnem,
834 2149 895 2196 ad
933 2152 1344 2216 compaginandos
1391 2167 1634 2217 paraverat

237 2236 439 2285 pontes:
487 2219 596 2283 qui,
639 2236 698 2264 ne
729 2217 850 2281 quid
881 2237 964 2282 per
1001 2238 1111 2267 eum
1133 2222 1497 2285 impetraretur,
1534 2240 1635 2269 om-

191 2308 321 2348 9nes
353 2288 584 2336 incendit.
664 2288 852 2333 Doctus
899 2287 1108 2352 denique
1147 2292 1512 2354 exploratorum
1552 2290 1632 2337 de-

235 2359 416 2406 latione
436 2374 601 2404 reeens
620 2368 889 2418 captorum,
923 2358 1090 2404 aellate
1113 2359 1203 2405 iam
1226 2358 1409 2406 torrida
1428 2360 1631 2405 fluvium

235 2428 361 2474 vado
388 2426 517 2491 poll'e
540 2424 758 2479 transiri,
787 2424 1006 2472 hortatus
1040 2428 1289 2474 auxiliares
1319 2427 1485 2474 velites
1518 2446 1631 2474 eum

234 2494 554 2543 Bainobaude
608 2494 937 2540 Cornutorum
992 2497 1190 2543 tribuno
1244 2495 1394 2555 milit,
1442 2496 1627 2542 facinus

236 2564 580 2620 memorabile,
610 2561 646 2608 fi
673 2560 859 2608 iuviss'et
878 2564 1003 2625 fors,
1041 2579 1335 2628 patraturos:
1380 2565 1465 2626 qui
1499 2582 1629 2610 nune
1654 2620 1657 2627 .

1403 2631 1629 2680 inceden-

284 2790 319 2833 ι)
338 2787 406 2822 Mt.
427 2800 518 2823 neco
540 2815 548 2822 .
573 2816 578 2821 .
605 2816 612 2822 .
636 2815 642 2822 .
666 2803 683 2822 ιι
706 2815 712 2822 .
740 2814 746 2821 .
766 2816 772 2822 .
799 2816 804 2822 .
828 2815 835 2822 .
858 2789 958 2823 nami
979 2788 1096 2823 irritus
1116 2789 1192 2824 fuit.
1232 2790 1269 2835 2)
1281 2787 1348 2824 ΜΓ.
1370 2778 1630 2824 conc-zetlibus‘.»
