1727 3144
165 109 261 167 592
397 121 680 154 AMMIANI
728 121 1110 154 :nuncianum
1142 123 1258 168 xxv,
1302 123 1345 168 7.
1373 109 1419 153 8.

162 230 325 297 specie
369 230 460 279 viri
506 231 721 280 celebres
763 229 1042 278 altrinsecus
1084 229 1258 279 dantur
1287 233 1327 297 ⁴)
1353 232 1575 294 Remora,

169 316 218 349 et
246 301 433 351 Victor¹
455 319 512 349 ex
551 316 686 366 parte
734 301 1036 362 nostrorum,
1087 314 1134 347 et
1164 301 1198 366 ⁵)
1219 301 1576 363 Bellovaedius,

170 370 427 430 insignium
458 388 773 419 numerorum
796 370 1008 417 tribuni:
1045 387 1098 416 ex
1124 385 1256 433 parte
1279 389 1394 419 vero
1424 370 1580 418 diver-

172 439 219 488 sa
236 438 432 487 Bineses
463 458 488 487 e
520 457 722 487 numero
755 439 997 486 nobilium
1028 440 1344 503 optimatum,
1383 454 1578 505 tresque

99 514 160 569 {14
174 509 253 556 alii
270 506 485 572 satrapae
508 527 605 556 non
632 508 840 556 obscuri.
913 507 1180 555 Foederata
1204 506 1243 571 ⁶)
1266 509 1429 573 itaque
1460 525 1578 572 pace

175 596 413 624 annorum
456 578 674 642 triginta,
731 595 882 642 eaque
918 577 1230 625 iurisiurandi
1262 577 1580 641 religionibus

173 645 479 705 consecrata,
521 647 694 695 reverfi
724 647 980 693 itineribus
1015 647 1145 707 aliis,
1196 648 1428 712 quoniam
1471 646 1579 693 loca

174 716 402 778 contigua
426 717 617 764 flumini
639 731 693 762 ut
711 715 994 779 confragosa
1018 717 1295 764 vitabantur
1321 729 1368 764 et
1398 714 1581 778 aspera,

173 798 320 848 potus
340 785 507 850 inopia
527 786 868 850 premebamur
895 798 941 831 et
964 784 1080 830 cibi.

131 869 154 897 1
271 853 414 901 VIII.
449 855 511 901 Et
530 873 622 918 pax
641 852 801 917 specie
821 852 1133 900 humanitatis
1156 851 1344 898 indulta
1360 890 1371 912 ‚
1403 852 1453 897 in
1476 870 1586 915 per-

175 920 356 971 niciem
375 923 440 969 est
458 922 587 970 versa
609 924 901 968 multorum:
937 923 1022 986 qui
1049 922 1170 969 fame
1197 919 1414 985 adusque
1448 920 1586 985 spiri⁶

175 1002 280 1035 tum
300 991 498 1037 lacerati
517 990 809 1053 postremum
824 1027 836 1049 ,
867 989 1080 1054 ideoque
1104 991 1305 1036 latenter
1329 988 1585 1053 progreffi3

176 1071 255 1117 aut
275 1058 517 1121 imperitia
541 1056 686 1104 nandi
712 1059 900 1121 gurgite
931 1058 1146 1104 fluminis
1175 1059 1207 1121 ¹)
1231 1058 1586 1105 adhaurieban-

173 1139 279 1171 tur:
318 1140 400 1173 aut
420 1127 455 1172 li
478 1126 720 1188 undarum
742 1126 789 1173 vi
808 1125 1027 1190 superata
1048 1126 1269 1172 venirent
1290 1128 1329 1191 ²)
1352 1129 1409 1173 ad
1438 1127 1584 1190 ἠρᾶθ’,

178 1211 204 1239 a
234 1194 486 1242 Saracenis
515 1197 591 1242 vel
624 1195 658 1260 ³)
681 1193 833 1243 Perlis
866 1194 1048 1260 (quod,
1099 1208 1152 1240 ut
1186 1192 1394 1241 diximus
1422 1196 1584 1259 paullo

177 1276 313 1323 ante,
343 1265 658 1312 exturbavere
684 1265 939 1329 Germani)
962 1264 1291 1311 caedebantur
1311 1278 1365 1310 ut
1390 1282 1586 1327 pecora,

134 1332 253 1378 2vel
271 1332 463 1395 longius
494 1333 739 1380 amandati
769 1331 879 1379 sunt
907 1331 1255 1380 venumdandi.
1336 1332 1437 1379 Ubi
1469 1350 1587 1380 vero

174 1401 453 1448 transeundi
495 1401 649 1449 amnis
694 1416 858 1466 aperte
901 1401 1089 1466 lignum
1134 1400 1313 1449 dedere
1349 1402 1587 1449 buccinae

175 1485 555 1534 concrepantes,
616 1471 852 1532 immane,
916 1488 1013 1536 quo
1077 1484 1357 1535 quantoque
1411 1471 1587 1518 ar·d01e

179 1538 221 1602 ⁴)
238 1552 421 1587 temere
465 1539 703 1604 rapiendo
742 1554 990 1587 momenta
1029 1540 1386 1616 nericttlorum,
1435 1537 1588 1587 semet

180 1606 386 1671 quisque
392 1603 610 1672 reliquis
633 1609 860 1656 omnibus
884 1623 1207 1672 anteponens,
1255 1608 1406 1655 vitare
1437 1609 1589 1655 multa

179 1688 226 1720 et
248 1676 483 1723 terribilia
505 1677 783 1724 festinabat:
821 1692 868 1725 et
891 1696 999 1741 pais
1019 1677 1230 1724 cratibus
1251 1691 1404 1724 temer
1409 1696 1432 1724 e
1448 1677 1591 1724 textis

180 1741 394 1791 iumenta
429 1745 690 1793 retinentes
720 1746 837 1794 hinc
868 1746 984 1793 inde
1017 1746 1261 1806 natantia3
1290 1745 1370 1791 alii
1392 1745 1590 1810 [upeifi-

181 1809 349 1859 dentes
383 1815 599 1876 utribus,
644 1814 842 1879 quidam
877 1813 1105 1863 diversa
1093 1833 1144 1861 ιιι
1179 1813 1468 1862 neceffitatis
1506 1816 1590 1862 ab-

179 1894 325 1944 rupto
348 1880 602 1941 versantes,
630 1882 874 1930 undarum
894 1882 1252 1931 occursantium
1272 1886 1448 1930 fluctus
1468 1884 1591 1930 obli-

133 1949 289 2011 3quis
311 1949 550 1996 meatibus
581 1952 908 2012 penetrabant.
993 1952 1267 2014 Imperator
1298 1951 1398 2014 ipse
1432 1951 1591 1998 brevi-

179 2015 271 2062 bus
299 2017 475 2064 lembis
484 2054 501 2076 a
549 2035 673 2082 quos
701 2018 806 2080 post
850 2018 1060 2065 exustam
1097 2018 1287 2066 claffem
1331 2017 1588 2067 docuimus

178 2085 470 2146 remanfiffe,
500 2105 613 2133 cum
642 2086 806 2149 paucis
830 2100 1156 2146 transvectus,
1199 2087 1371 2134 eadem
1400 2088 1590 2152 navigia

179 2153 310 2200 ultro
337 2155 561 2219 citroque
595 2154 866 2201 discurrere
896 2154 1080 2212 statuit,
1119 2154 1237 2202 dum
1273 2174 1441 2204 omnes
1473 2175 1587 2204 con-

177 2222 483 2270 veheremur.
566 2221 887 2288 Tandemque
923 2224 1132 2271 univerfi
1172 2239 1362 2288 praeter
1404 2225 1586 2273 mersos

178 2289 240 2335 ad
260 2291 516 2339 ulteriores
550 2291 769 2339 venimus
802 2292 1068 2356 marginQS,
1117 2294 1283 2341 favore
1311 2293 1472 2359 superi
1501 2313 1588 2341 nu-

176 2359 320 2406 minis
345 2360 625 2408 discrimine
649 2360 966 2425 perdifficiles
990 2360 1124 2407 casus
1147 2362 1361 2409 extracti.

131 2437 158 2490 4
282 2430 407 2476 Dum
464 2447 554 2477 nos
600 2428 914 2494 pendentium
953 2448 1292 2477 aerumnarum
1349 2430 1585 2495 opprimit

176 2496 349 2560 timor,
386 2500 694 2564 compertum
716 2498 781 2546 est
803 2498 1198 2564 procursatorum
1229 2498 1439 2559 indicio,
1472 2499 1585 2546 Pcr-

388 2597 457 2606 --—v

221 2636 256 2670 4)
292 2631 360 2665 Ms.
394 2632 565 2667 Nemota.
627 2633 672 2678 5)
710 2631 1180 2671 Ms.130110vaedius.6›
1212 2635 1263 2668 al.
1308 2634 1355 2668 ita
1385 2646 1488 2681 pace
1546 2633 1585 2678 ι)

175 2675 654 2721 Ms.ad0112bamur.2)
690 2678 758 2715 Ms-
800 2681 893 2728 ripas
922 2680 1011 2726 rapti
1049 2692 1068 2713 a
1098 2680 1297 2714 Saracenis.
1349 2684 1385 2725 5)
1415 2679 1479 2716 Ml.
1508 2692 1587 2727 pet-

181 2733 273 2757 cum.
326 2728 364 2767 4)
397 2723 462 2760 Ms-
492 2724 659 2760 intenire
