1727 3144
232 135 1139 168 eoxs‘rAN'rlcsnTiULmNus.
1212 124 1327 182 539
1408 133 1500 182 109

92 247 338 312 potestatis
364 265 420 310 Pl
425 260 572 293 etium
597 263 683 309 per
704 243 922 308 potioies
953 244 1269 292 diffunditant
1299 245 1497 308 domos,

91 316 372 363 Antoninus
400 315 461 362 ad
496 333 576 379 rbe
565 315 618 360 is
649 314 852 361 hibermi
885 314 1148 377 perductus
1171 329 1367 362 aventer
1388 310 1500 361 sus-

89 386 294 449 cipitur:
330 399 376 432 et
399 384 551 448 apicis
550 355 865 430 ”nobilitatus
879 384 1165 431 auctoritate
1186 386 1306 449 (quo
1328 383 1501 431 hono-

89 471 154 500 re·
164 454 514 518 participantur
536 451 727 500 mensae
749 453 960 514 regaleS,
992 467 1039 500 et
1059 453 1346 501 meritorum
1369 452 1502 516 apud

92 521 258 569 Persas
312 522 372 570 ad
426 522 731 569 suadendum
779 520 1102 586 ferendasque
1146 521 1404 570 sententias
1448 521 1500 567 in

89 592 414 639 concionibus
444 610 528 639 ora
549 589 849 656 panduntur)
872 608 970 637 non
996 592 1180 652 contis,
1220 610 1309 639 nec
1338 592 1378 656 13)
1414 609 1501 655 ry—

91 662 285 723 11111160,
332 675 387 707 ut
408 661 553 707 aiunt
582 659 655 724 [id
681 658 746 705 est
776 675 877 705 non
905 660 1182 725 flexiloquis
1214 659 1501 724 ambagibus

89 731 166 776 vel
197 701 413 778 obscuris
431 732 476 792 ,]
505 728 584 777 sed
606 720 932 776 velificatione
961 729 1137 793 plena
1127 749 1177 776 1n
1199 748 1301 778 rem
1325 729 1500 795 publi-

92 817 199 845 cam
253 799 530 845 ferebatur:
580 795 911 862 eumdemque
954 798 1161 846 incitans
1208 817 1401 864 legem,
1444 812 1504 845 ut

92 867 384 931 quondaml
369 867 628 914 Maharbal
656 866 1001 914 lentitudinis
978 886 1254 947 lncrepans
1274 869 1505 917 Anniba-

91 939 215 997 lem,
260 935 391 1000 poffe
423 955 536 984 eum
566 937 790 998 vincere,
829 935 914 984 sed
943 936 1149 985 victoria
1186 939 1261 986 uti
1299 936 1502 998 nescim,

92 1005 290 1054 adsidue
318 1005 650 1070 praedicabat.
730 1007 770 1071 ⁹)
801 1005 1049 1055 Educatus
1083 1007 1214 1055 enim
1241 1008 1292 1054 in
1317 1006 1548 1098 moedio,7

88 1090 145 1122 ut
171 1093 332 1122 rerum
367 1076 588 1125 omnium
612 1093 812 1140 gnarus,
848 1075 1130 1124 auditorum
1153 1092 1321 1125 nactus
1343 1078 1401 1141 10)
1422 1095 1505 1123 vi·-

93 1145 210 1208 giles
229 1143 425 1208 sensus,
457 1159 504 1193 et
526 1146 716 1192 aurium
739 1144 1066 1194 delenimenta
1098 1161 1371 1211 captantes,
1414 1162 1504 1192 nee

90 1213 421 1276 laudantium,
479 1213 563 1261 sed
614 1212 884 1261 secundum
924 1216 1217 1262 Homericos
1263 1214 1505 1260 Phaeacas

94 1301 206 1328 cum
233 1281 422 1329 silentio
459 1282 828 1340 admirantium,
870 1284 967 1328 iam
1000 1282 1117 1331 inde
1151 1281 1506 1347 quadragesimi

95 1351 208 1398 anni
226 1351 514 1397 memoriam
538 1349 827 1413 replicabat:
871 1351 974 1413 post
1001 1352 1244 1397 bellorum
1278 1351 1504 1398 adfiduos

96 1418 255 1480 casus,
304 1432 351 1466 et
381 1418 590 1466 maxime
623 1418 755 1482 apud
790 1418 1002 1465 Hileiam
1034 1433 1081 1468 et
1100 1420 1382 1483 Singaram,
1419 1420 1508 1467 ubi

98 1489 333 1535 acerrima
351 1487 432 1534 illa
463 1501 702 1535 nocturna
732 1490 1095 1535 concertatione
1127 1503 1392 1552 pugnatum
1425 1489 1506 1549 est,

98 1557 374 1604 nostrorum
401 1556 560 1620 copiis
579 1556 764 1618 ingenti
789 1556 940 1618 strage
960 1557 1212 1616 eonfoffis‚
1259 1558 1393 1621 quali
1421 1557 1507 1603 di—

101 1628 305 1673 rimente
353 1623 588 1690 quodam‘
609 1622 774 1670 medio
820 1624 1005 1686 feciali,
1073 1623 1239 1672 Persas
1282 1625 1507 1673 nonduin

98 1694 319 1743 Ε1161Γ1111
361 1711 450 1741 nec
482 1706 662 1757 pontes
703 1691 967 1757 Euphratis
1018 1693 1222 1757 tetigisse
1264 1694 1506 1742 victores:

100 1781 222 1829 quos
249 1762 592 1826 armipotentia
621 1762 772 1809 fretos
801 1761 1192 1827 successibusque
1220 1764 1508 1827 magnificis,

98 1835 164 1880 ita
189 1830 436 1879 (1113131161
439 1833 474 1896 1)
509 1830 738 1878 decuerat
765 1849 893 1892 rem,
936 1849 994 1879 eo
1023 1833 1230 1880 maxime
1267 1847 1507 1897 tempore,

100 1920 199 1966 quo
233 1900 477 1948 diuturnis
506 1900 749 1947 belloium
796 1900 1015 1948 civilium
1061 1902 1278 1949 motibus
1317 1901 1508 1967 sangnis

100 1970 347 2035 utrimque
364 1969 575 2017 Romani
593 1969 786 2017 roboris
817 1969 1128 2018 fundebatur.

202 2040 293 2086 His
317 2058 372 2086 ac
393 2038 571 2085 talibus
592 2037 798 2085 subinde
825 2038 950 2087 inter
975 2041 1140 2104 epulas
1167 2038 1356 2086 sobrius
1387 2056 1508 2103 per—
1525 2048 1553 2091 8

100 2109 238 2172 fuga,
270 2108 359 2154 ubi
380 2106 441 2154 de
463 2106 698 2171 adparatu
717 2109 960 2155 bellorum
982 2123 1028 2156 et
1045 2108 1178 2156 seriis
1209 2109 1354 2156 rebus
1377 2106 1508 2170 apud

104 2195 186 2224 eos
218 2178 482 2223 Graiorum
525 2194 661 2223 more
703 2191 920 2225 veterum
961 2177 1285 2240 consultatur,
1344 2193 1508 2238 regem

104 2244 399 2293 incendebat
420 2242 668 2291 ardentem
682 2282 694 2306 ‚
728 2260 783 2293 ut
807 2241 978 2295 exacta
998 2247 1160 2295 hieme
1182 2246 1339 2293 statim
1361 2262 1510 2303 arma,

104 2317 256 2362 fretus
285 2315 511 2363 fortunae
542 2311 651 2361 suae
678 2316 1038 2379 magnitudine,
1075 2316 1365 2363 concitaret:
1410 2310 1512 2376 ipse

107 2401 305 2449 quoque
335 2383 388 2429 in
417 2382 583 2429 multis
609 2401 664 2430 ac
686 2385 954 2434 necessariis
979 2403 1179 2451 operam
1197 2383 1330 2432 suam
1348 2381 1514 2429 fiden—

110 2467 181 2500 ter
202 2452 510 2517 promittens.

159 2703 196 2745 8)
231 2702 300 2736 ΜΓ.
337 2702 487 2737 ramulo.
559 2707 594 2747 92·
626 2702 675 2734 al.
708 2699 871 2735 eductus.
930 2700 984 2745 ic)
1015 2695 1081 2732 Ms-
1119 2696 1248 2745 vigiliis
1278 2696 1354 2730 tius
1384 2695 1514 2730 scnl'us.

120 2760 173 2792 11)
201 2749 267 2782 Mi.
297 2747 578 2783 decueratarcent.
