1727 3144
210 144 669 177 VALENTINIAN.
714 145 789 175 ET
832 142 1081 175 VALnxs.
1154 131 1270 189 567.
1383 133 1478 190 459

143 255 233 303 IV.
267 255 400 301 Dum
419 269 625 319 aguntur
645 253 885 301 antedicta
905 270 990 317 per
1004 252 1185 299 Gallias
1206 267 1253 299 et
1270 254 1475 317 Italiam,
1501 278 1515 302 ε

70 323 188 371 novi
225 341 312 388 per
341 323 573 372 Thracias
603 323 745 371 exciti
776 322 885 369 sunt
913 320 1212 385 procinctus
1296 322 1475 371 Valens

71 392 199 440 enim
214 429 227 454 ‚
272 406 327 440 ut
348 393 569 440 consulto
590 394 835 457 placuerat
855 390 1019 450 fratri,
1055 390 1194 438 cuius
1218 391 1474 453 regebatur

69 462 300 522 arbitrio,
345 480 476 509 arma
505 461 738 510 concullit
775 460 826 508 iu
859 459 1084 520 Gothos,
1131 458 1318 506 ratione
1355 458 1471 506 iusta

66 544 343 593 permotus:
375 530 511 594 quod
532 532 704 578 auxilia
718 527 888 577 misere
907 527 1152 592 Procopio
1171 527 1331 575 civilia
1346 528 1472 574 bella

66 600 332 662 coeptanti.
406 600 534 663 Ergo
554 600 782 647 convenit
800 616 953 662 pauca
987 596 1129 662 super
1156 597 1330 644 harum
1366 597 1473 642 ori—-

67 667 176 731 gine
207 668 460 732 regionum
494 684 541 716 et
574 668 665 715 litu
696 682 1021 714 transcurrere
1047 684 1134 731 per
1163 666 1362 713 brevem
1385 683 1472 712 ex*

67 736 262 783 celsum.
1404 785 1406 787 a

163 805 282 850 Erat
313 801 635 850 Thraciarum
665 800 927 866 descriptio
963 801 1164 862 facilis,
1210 801 1247 848 fi
1286 809 1469 850 Veteres
1490 815 1517 843 2

64 871 380 919 concinerent
417 869 536 918 stili:
598 889 807 935 quorum
838 869 1041 918 obscura
1082 871 1284 919 varietas
1337 889 1469 935 quo—

63 940 195 996 niam
229 958 350 1004 opus
381 939 634 987 veritatem
670 939 930 1003 profess'um
961 958 1058 987 non
1083 942 1238 999 iuvat,
1266 939 1472 987 sufficiet

64 1026 146 1070 ea>
179 1027 300 1073 quae
323 1008 490 1056 vidiffe
509 1008 820 1055 meminimus
835 1045 848 1069 ,
883 1009 1125 1072 expedire.
1200 1009 1300 1056 Has
1322 1023 1470 1056 terras
1488 1008 1516 1052 5

64 1077 294 1125 immensa
315 1076 565 1143 quondam
586 1095 872 1141 camporum
897 1077 1176 1141 placiditate
1206 1095 1470 1141 aggerum-

66 1165 160 1212 que
195 1146 452 1194 altitudine
490 1145 626 1192 fuiffe
664 1160 937 1209 porrectas,
997 1147 1204 1194 Homeri
1242 1146 1468 1210 perennis

64 1217 326 1264 auctoritas
357 1214 518 1275 docet,
547 1214 846 1278 Aquilonem
877 1230 924 1263 et
945 1215 1275 1280 ¹)Zephyrum
1299 1229 1467 1262 ventos

63 1283 238 1332 exinde
261 1287 374 1331 flare
400 1284 653 1347 fingentis:
690 1283 826 1348 quod
855 1298 935 1330 aut
954 1284 1229 1331 fabulosum
1258 1284 1346 1344 est,
1386 1296 1468 1330 aut

65 1367 243 1400 tractus
277 1349 481 1401 antehac
514 1351 672 1399 diffusi
694 1353 930 1413 latissime,
965 1352 1282 1418 destinatique
1303 1353 1469 1399 natio-

60 1421 206 1469 nibus
226 1423 358 1484 feris,
394 1422 559 1468 cuncti
579 1421 902 1469 Thraciarum
923 1423 1163 1469 vocabulo
1188 1421 1462 1469 censeban—

64 1504 156 1537 tur.
217 1491 298 1542 ‚Et
319 1504 506 1555 partem
528 1508 691 1537 earum
715 1490 993 1538 habitavere
1017 1490 1287 1551 Scordisci,
1321 1491 1466 1551 longe
1482 1487 1512 1541 4

62 1578 192 1607 nunc
216 1561 275 1605 ab
296 1559 468 1606 iisdem
490 1559 755 1623 provinciis
778 1558 1035 1623 disparati,
1069 1558 1195 1606 saevi
1215 1558 1466 1622 quondam

62 1642 111 1675 et
135 1642 320 1690 truces,
364 1642 420 1675 ut
446 1627 707 1692 antiquitas
738 1627 905 1688 docet,
952 1627 1120 1674 hostiis
1159 1628 1466 1692 captivorum

60 1697 293 1744 Bellonae
313 1697 505 1744 litantes
525 1711 572 1744 et
592 1695 767 1754 Marti,
798 1696 1164 1761 humanumque
1186 1696 1468 1760 sanguinem

58 1766 112 1811 in
134 1765 309 1812 ollibus
328 1766 542 1829 capitum
562 1765 602 1830 ²)
616 1766 745 1812 cavis
769 1765 991 1812 bibentes
1010 1764 1198 1812 avidius
1216 1782 1225 1811 :
1256 1783 1468 1829 quorum

59 1833 312 1899 asperitate
337 1834 443 1898 post
461 1834 754 1898 multiplices
775 1851 1046 1898 pugnarum
1065 1851 1317 1881 aerumnas
1330 1832 1469 1896 saepe

62 1921 136 1950 res
159 1903 376 1950 Romana
397 1916 561 1951 vexata
575 1939 588 1964 ,
624 1902 867 1966 postremo
900 1919 1098 1950 omnem
1119 1901 1274 1950 amifit
1292 1901 1469 1950 exerci-

63 1986 168 2019 tum
188 1991 298 2018 cuni
320 1985 522 2019 rectore.
1067 2019 1071 2027 ,

163 2039 263 2088 Sed
291 2055 346 2087 ut
374 2058 502 2088 nunc
533 2037 803 2098 cernimus,
846 2038 1014 2087 eadem
1039 2039 1148 2087 loca
1178 2040 1384 2087 formata
1415 2037 1465 2082 in
1485 2037 1512 2079 5

61 2109 257 2157 cornuti
277 2108 443 2156 fideris
465 2106 685 2167 modum,
723 2109 957 2173 effingunt
976 2108 1153 2156 theatri
1174 2108 1344 2156 faciem
1364 2105 1467 2169 spe-

62 2176 260 2225 ciosam.
343 2177 492 2224 Cuius
518 2176 569 2222 in
599 2174 873 2225 summitate
907 2176 1198 2225 occidentali
1218 2175 1467 2222 montibus

63 2245 340 2310 praeruptis
373 2244 602 2292 dentitate
633 2244 907 2294 Succorum
935 2245 1185 2311 patescunt
1209 2243 1466 2306 angustiae,

68 2315 304 2362 Thracias
322 2312 603 2360 dirimentes
626 2326 671 2358 et
690 2313 910 2363 Daciam.
990 2315 1180 2360 Partem
1210 2329 1324 2359 vero
1345 2311 1467 2357 fini-
1485 2313 1512 2352 6

65 2384 207 2431 stram
228 2383 404 2430 arctois
429 2381 689 2429 obnoxiam
711 2381 854 2433 stellis
880 2385 917 2448 ³)
936 2383 1337 2431 Aemimontanae
1360 2380 1469 2427 cel—

66 2452 299 2500 fitudines
333 2450 589 2509 claudunt,
640 2464 693 2495 ut
721 2465 766 2497 et
809 2452 969 2499 Hister
986 2488 997 2510 ‚
1054 2468 1148 2514 qua
1195 2450 1469 2496 Romanum

68 2521 328 2586 caespitem
360 2519 559 2580 lambit,
599 2519 804 2566 urbibus
835 2521 998 2568 multis
1037 2532 1084 2566 et
1112 2518 1274 2566 castris
1304 2517 1470 2565 conti-

119 2711 150 2747 1)
177 2707 371 2741 1⁷0¹·ventos
397 2705 522 2752 Steph.
555 2703 665 2737 deest.
712 2705 755 2749 2)
783 2703 847 2740 Ms.
879 2704 1035 2751 capitum
1065 2705 1170 2738 cavis.
1219 2705 1260 2751 3)
1288 2702 1356 2738 Ms.
1381 2704 1474 2739 Hac*-

81 2752 303 2785 mimontana
334 2751 558 2790 cellitudinsss
595 2748 820 2784 claudamur.
1322 2762 1326 2765 ·
