1727 3144
1481 194 1507 208 HV

483 188 884 239 ἸὐιιΛΝυ-ε.
958 192 1072 236 562.
1411 206 1507 252 29³

1181 280 1194 299 Ω

94 333 154 364 ne
179 333 292 363 cum
313 315 548 379 potestate
571 314 785 365 reversus
805 313 879 380 (id
899 314 1029 362 enim
1049 313 1260 361 minatus
1283 315 1367 379 eft)
1389 317 1511 363 mul-

93 399 170 432 tos
208 385 426 432 laederet
460 400 515 433 ut
547 386 782 446 offensus,
826 383 949 432 iram
981 383 1033 430 in
1063 383 1334 448 Georgium
1355 399 1508 432 verte-

93 450 206 501 runt
226 453 511 518 episcopum
525 491 538 516 ‚
556 455 805 520 ·vipereis,
837 468 890 501 nt
911 453 975 500 ita
995 452 1199 500 dixerim
1214 488 1228 512 ,
1265 452 1505 500 morsibus

93 524 152 569 ab
178 541 236 570 eo
264 523 520 590 saepius-²)
552 523 773 589 adpetiti.
858 524 895 589 ³)
928 524 987 572 In
1018 521 1230 570 fullonio
1252 534 1418 580 natus,
1452 536 1506 568 ut
1528 521 1559 578 4

91 593 365 653 ferebatur,
443 593 586 658 apud·
618 593 944 658 Epiphaniam
990 591 1192 641 Ciliciae
1246 588 1507 654 oppidum,

91 675 325 727 actusque
356 662 407 707 in
439 662 615 709 damna
642 662 995 726 complurium,
1038 674 1208 709 contra
1244 659 1508 706 utilitatem

90 728 226 777 suam
271 731 440 795 reique
476 730 753 777 communis
792 729 1050 794 episcopus
1079 727 1408 778 Alexandriae
1442 727 1509 775 est

91 797 369 858 ordinatus,
411 798 464 844 in
493 799 713 861 civitate,
762 816 886 864 quae
915 797 1088 863 suopte
1119 813 1285 857 motu,
1342 811 1390 844 et
1417 796 1509 844 ubi

88 865 258 914 causae
279 884 379 914 non
397 864 689 932 suppetunt,
734 866 1061 915 seditionibus
1085 867 1271 916 crebris
1299 866 1506 930 agitatur

88 950 136 983 et
175 935 493 996 turbulentis,
572 951 627 984 ut
679 938 992 986 oraculorum
1032 955 1232 1002 quoque
1284 936 1506 1001 loquitur

86 1003 224 1053 fides.
294 1004 397 1064 {His
430 1006 639 1054 efferatis
668 1006 928 1054 hominum
968 1007 1215 1054 mentibus
1259 1003 1554 1068 Georgius5

88 1092 288 1140 quoque
309 1074 409 1139 ipse
430 1093 573 1139 grave
596 1076 851 1124 accefferat
868 1076 1187 1134 incentivum,
1218 1072 1349 1138 apud
1370 1087 1506 1138 patu-

83 1143 153 1190 las
176 1162 317 1192 aures
334 1144 604 1192 Constantii
623 1146 807 1194 multos
829 1144 1000 1192 exinde
1032 1142 1278 1202 incusans,
1316 1156 1372 1188 nt
1401 1141 1505 1189 eius

87 1213 445 1261 recalcitrantes
466 1214 711 1278 imperiis:
742 1207 1150 1279 professionisque
1171 1211 1280 1259 suae
1304 1211 1504 1269 oblitus,

86 1300 210 1346 quae
232 1282 357 1328 nihil
380 1282 471 1329 nili
490 1282 669 1330 iustum
688 1282 860 1331 suadet
882 1297 928 1330 et
956 1284 1064 1330 lene
1081 1319 1093 1342 ‚
1132 1280 1195 1328 ad
1227 1280 1504 1328 delatorum

87 1349 197 1397 ausa
218 1350 387 1398 feralia
405 1349 717 1399 desciscebat.
790 1352 852 1398 Et
872 1353 999 1399 inter
1030 1365 1218 1398 caetera
1250 1349 1503 1396 dicebatur
1523 1346 1553 1391 6

85 1417 137 1464 id
171 1436 370 1484 quoque
398 1419 610 1484 maligne
644 1420 861 1469 docuisse
894 1420 1255 1480 Constantium,
1290 1416 1428 1481 quod
1449 1417 1503 1464 in

85 1488 207 1535 urbe
238 1486 487 1551 praedicta
521 1488 745 1538 aedificia
772 1504 948 1537 cuncta
978 1488 1082 1536 solo
1110 1486 1448 1553 cohaerentia,
1479 1504 1505 1533 a

85 1555 345 1604 conditore
375 1556 658 1606 Alexandro
691 1556 1026 1621 magnitudine
1057 1555 1387 1620 impensarum
1418 1572 1505 1619 pu-

83 1626 325 1673 blicarum
356 1626 617 1687 exstructa,
672 1626 1016 1675 emolumentis
1049 1625 1222 1672 aerarii
1258 1626 1501 1688 proficere

86 1693 269 1742 debent
298 1712 355 1742 ex
382 1695 504 1742 iure.
576 1694 670 1742 'Ad
705 1696 825 1742 haec
854 1695 978 1741 mala
1002 1692 1057 1740 id
1077 1695 1278 1758 quoque
1301 1691 1503 1739 addide-
1521 1697 1552 1741 7

85 1778 180 1824 rat,
212 1762 345 1811 unde
367 1764 532 1828 paullo
555 1763 659 1828 post
678 1763 836 1810 trusus
860 1764 925 1812 est
945 1763 997 1810 in
1022 1762 1224 1811 exitium
1250 1779 1500 1826 praeceps.

83 1832 317 1880 &eversus
351 1850 407 1880 ex
437 1833 676 1880 comitatu
714 1833 976 1897 principis,
1023 1851 1137 1880 cum
1160 1831 1385 1879 transiret
1415 1848 1502 1895 per

82 1900 357 1966 speciosum
382 1901 532 1949 Genii
555 1903 820 1967 templum,
863 1899 1181 1949 multitudine
1210 1900 1411 1964 stipatus
1445 1917 1502 1946 ex

80 1988 245 2031 more,
282 1970 417 2017 flexis
439 1969 503 2017 ad
524 1970 695 2019 aedem
721 1971 876 2035 ipsam
899 1970 1169 2018 luminibus
1185 2008 1197 2032 ,
1226 1971 1501 2033 quamdiu,

81 2039 270 2104 inquit,
293 2039 580 2104 stpulcram
606 2042 692 2086 lzoc
708 2039 905 2101 stabit?
996 2040 1112 2097 Quo
1154 2038 1324 2087 audito
1368 2038 1502 2085 velut

80 2107 309 2156 fulmine·
334 2108 477 2155 multi
516 2108 748 2174 perculli,
808 2123 1209 2171 metuentesque,
1269 2125 1328 2155 ne
1376 2104 1501 2153 illud

88 2194 288 2242 quoque
326 2190 535 2225 tentaret
577 2193 818 2241 evertere,
873 2173 1120 2242 Quidquid
1148 2189 1398 2242 poterant,
1449 2173 1500 2221 in

86 2247 187 2293 eius
229 2245 500 2310 perniciem
550 2246 861 2295 clandestinis
911 2247 1098 2294 inlidiis
1167 2244 1492 2295 concitabant.

84 2313 212 2362 Ecce
253 2328 416 2362 autem
455 2329 653 2379 repente
692 2317 879 2380 perlato
926 2315 1141 2364 laetabili
1171 2313 1345 2362 nuntio
1374 2311 1544 2357 indi-8

83 2397 224 2431 cante
270 2382 556 2431 exstinctum
600 2385 906 2448 Arteminm,
969 2385 1109 2450 plebs
1166 2382 1322 2431 omnis
1377 2380 1500 2427 elata

87 2451 266 2515 gaudio
308 2450 577 2516 insperato,
647 2454 850 2516 vocibus
902 2451 1162 2502 horrendis
1198 2447 1499 2509 infrendens,

87 2522 358 2586 Georgium
387 2520 536 2585 petit:
592 2536 881 2589 raptumque
917 2520 1113 2570 diverlis
1143 2516 1392 2566 mulcandi
1423 2535 1502 2581 ge-

86 2590 285 2648 neribus
322 2604 577 2654 proterens
639 2605 686 2638 et
735 2593 1028 2640 conculcans
1082 2587 1358 2637 divaricatis
1420 2603 1501 2651 pe-

93 2657 253 2706 dibus.

136 2822 178 2866 2)
207 2819 277 2855 ΜΓ.
309 2823 504 2871 appetitus.
554 2825 598 2870 3)
630 2823 678 2859 al.
709 2820 864 2855 instillio.
