1727 3144
532 166 930 198 [ULIANUs.
1003 153 1118 198 565.
1425 158 1520 220 5¹7

106 276 242 342 ligno
273 277 568 326 fulmentum
605 275 925 341 prosternitur
957 277 1152 342 iugem,
1198 278 1413 325 cilicium
1444 298 1524 344 pa-

103 347 194 396 leis
233 347 512 395 confertum
544 346 771 408 minutis,
826 345 998 394 validis
1028 346 1230 393 nexibus
1265 347 1520 410 illigatum,

107 431 155 464 et
177 417 394 464 locatum
427 414 571 480 super
606 415 858 481 congestos
890 414 1123 480 caespites
1160 416 1238 463 vel
1276 415 1520 464 latericios

106 503 321 551 aggeres.
406 483 532 532 Nam
557 502 699 532 muro
720 484 861 532 saxeo
879 483 1167 532 huiusmodi
1189 484 1342 532 moles
1366 484 1522 548 impo-

101 554 215 616 fita,
250 553 472 602 disiectat
496 553 742 619 quidquid
763 554 1003 602 invenerit
1024 553 1059 618 ³)
1088 553 1280 614 subter,
1323 553 1522 600 concus-

104 622 236 671 fione
269 623 508 684 violenta,
545 641 646 670 non
673 621 907 687 pondere.
980 624 1105 670 Cum
1127 623 1276 687 igitur
1307 621 1370 669 ad
1405 629 1568 672 con-6

101 693 421 740 certationem
453 705 653 738 ventum
680 690 854 751 fuerit,
898 691 1061 755 lapide
1091 691 1306 740 rotundo
1338 690 1519 738 fundae

102 760 359 824 impofito,
422 759 657 835 quaterni·
698 757 979 806 altrinsecus
1028 761 1226 808 iuvenes
1275 761 1519 825 repagula,

103 830 282 893 quibus
319 827 623 892 incorporati
658 825 768 874 sunt
798 828 937 876 funes
970 830 1290 893 explicantes,
1345 843 1442 876 reti
1448 847 1520 876 or

99 897 178 945 sus
189 897 351 944 stilum
363 913 517 962 paene
538 898 579 961 ⁴)
591 895 831 960 supinum
841 896 1102 945 inclinant:
1138 899 1302 963 itaque
1323 898 1523 946 deinum

99 962 321 1014 sublimis
357 965 544 1013 adstans
575 964 824 1029 magister,
871 966 1155 1029 claustrum,
1201 967 1338 1031 qnod
1370 966 1520 1014 totius

101 1035 263 1100 operis
297 1035 518 1083 eontinet
545 1034 771 1096 vincula,
806 1034 932 1084 resei
922 1050 984 1082 at
1014 1037 1192 1083 malleo
1218 1037 1336 1084 for'ti
1359 1038 1391 1101 ⁵)
1414 1054 1521 1100 per-

99 1103 312 1151 euffum:
345 1103 479 1152 unde
501 1101 782 1152 absolutus
770 1117 872 1151 ictu
901 1105 1090 1152 volueri
1116 1105 1275 1165 stilus,
1320 1120 1366 1153 et
1399 1105 1521 1151 mol-

101 1172 311 1222 litudine
344 1172 552 1221 offensus
580 1172 757 1234 cilicii,
805 1171 972 1220 saxum
1010 1188 1330 1237 contorquet,
1380 1172 1522 1250 quid-

105 1242 273 1306 quid
261 1243 548 1303 incurrerit,
587 1240 887 1289 collisu'ium.
978 1242 1040 1289 Et
1074 1256 1397 1290 tormentum
1413 1242 1518 1306 qui
1536 1239 1565 1300 7

103 1311 217 1358 dem
239 1309 279 1377 6)
300 1278 575 1375 adpellatiir
595 1328 651 1358 ex
671 1327 757 1371 eo,
797 1309 934 1376 quod
956 1311 1113 1358 omnis
1137 1311 1396 1375 explicatio
1420 1325 1519 1358 toi-

100 1393 302 1444 quetur:
339 1379 535 1444 scorpio
557 1393 746 1441 autem,
785 1380 1027 1443 quoniam
1050 1382 1273 1427 aculeum
1309 1380 1516 1443 desuper

97 1448 248 1496 habet
272 1450 311 1513 ⁷)
336 1463 578 1497 erectum:
619 1448 700 1496 cui
723 1448 867 1496 etiam
900 1449 1070 1511 onagri
1103 1450 1400 1496 vocabulum
1440 1449 1512 1495 in-

100 1516 228 1564 didit
246 1530 374 1565 aetas
397 1518 590 1565 novella
616 1534 668 1564 ea
689 1533 767 1576 re,
807 1516 946 1580 quod
965 1517 1082 1562 alini
1103 1517 1195 1564 feri
1228 1537 1341 1564 eum
1376 1536 1516 1565 vena-

96 1587 228 1634 tibus
252 1585 522 1650 agitantur,
548 1586 615 1632 ita
644 1585 832 1632 eminus
851 1584 1036 1648 lapides
1069 1585 1176 1648 post
1207 1594 1340 1650 terga
1372 1587 1514 1634 calci·

101 1653 278 1703 trando
301 1654 556 1716 emittunt,
601 1667 657 1700 ut
687 1652 943 1716 perforent
966 1667 1166 1717 pectora
1191 1653 1517 1719 sequentium,

100 1737 184 1773 aut
212 1723 468 1788 perfractis
493 1722 671 1771 ollibus
695 1721 856 1786 capita
876 1719 978 1785 ipsa
999 1720 1296 1786 displodant.

198 1792 331 1843 Hinc
368 1790 431 1839 ad
462 1792 662 1840 arietem
700 1790 738 1856 ⁸)
780 1790 1045 1838 veniemus.
1136 1792 1347 1857 Eligitui
1385 1793 1567 1843 abie58

100 1862 179 1909 vel
207 1878 356 1909 ornus
387 1854 594 1921 excelsa,
637 1878 775 1908 cuius
810 1857 1061 1906 summitas
1093 1859 1218 1909 duro
1250 1862 1382 1909 ferro
1405 1880 1519 1909 eon-

99 1928 317 1978 cluditur
351 1943 399 1978 et
425 1929 646 1994 prolixo,
721 1928 884 1975 arietis
932 1929 1145 1977 efficiens
1189 1930 1518 1995 prominulam

99 1997 338 2063 speciem,
381 2016 506 2065 quae
532 1999 690 2045 forma
723 1997 842 2044 huie
877 1998 1269 2047 machinamento
1309 2001 1519 2047 v-ocabu

101 2068 204 2115 lum
227 2067 436 2115 indidit:
472 2081 520 2116 et
543 2067 607 2115 fic
628 2062 854 2131 fuspenla
876 2068 1122 2132 utrimque
1147 2067 1422 2115 transseilis
1452 2066 1519 2114 as-

99 2135 287 2184 seribus
316 2151 366 2184 et
390 2137 612 2198 ferr-atis,
651 2134 785 2202 quali
815 2153 871 2183 ex
907 2135 1073 2199 lance,
1120 2137 1325 2185 vinculis
1366 2135 1516 2182 tiffabis

102 2206 300 2252 alte1ius
337 2204 640 2252 continetur:
700 2209 929 2270 ea'mque,
981 2220 1218 2271 quantum
1266 2204 1515 2252 mensurae

103 2274 227 2322 ratio
260 2273 472 2338 patitur,
519 2275 559 2339 ⁹)
586 2273 850 2320 multitudo
875 2288 1006 2322 retro
1037 2276 1304 2339 repellens,
1356 2271 1514 2319 ruisus

102 2341 168 2390 ad
194 2342 340 2390 obvia
368 2361 446 2407 qu
438 2359 589 2406 neque
620 2341 889 2407 rumpenda
922 2344 1169 2408 protrudit
1193 2342 1370 2389 ictibus
1400 2341 1516 2388 vali-

104 2409 332 2473 diffimis‚
361 2411 506 2458 instar
525 2409 824 2476 adsurgentis
851 2426 898 2459 et
916 2412 1163 2460 caedentis
1188 2410 1365 2456 arietis.
1402 2410 1514 2467 Qua

102 2480 364 2528 crebritate
388 2481 520 2528 velut
543 2480 784 2544 reciproci
812 2481 1031 2529 fulminis
1061 2481 1249 2544 impetu
1280 2478 1514 2526 aedificiis

150 2688 196 2733 3)
224 2687 292 2722 Ms.
329 2687 446 2737 super.
527 2692 566 2734 4)
595 2687 664 2722 ΜΓ.
693 2689 849 2725 urinum.
921 2687 1066 2734 5)Ms.
1096 2686 1316 2741 pei-‚clusum
1383 2688 1471 2735 6)ι
1472 2689 1514 2722 νὴ

106 2733 457 2816 prelgiittiititrldoquod
486 2747 527 2770 eo
560 2736 688 2770 omnis.
739 2740 777 2784 7)
805 2737 856 2771 al.
888 2744 1038 2770 erectus.
1087 2741 1123 2778 8)
1156 2736 1207 2770 al.
1237 2734 1412 2770 venim.us
1471 2747 1516 2779 q)
