1727 3144
200 156 297 200 554
436 165 709 201 AMMIANI
749 167 1143 199 MARCELLINI
1188 168 1335 214 xxiv,
1383 157 1429 198 4.

201 277 435 344 flagravit.
514 278 708 336 Quibus
746 279 864 326 actis
901 279 1134 343 pergebat
1162 277 1364 325 ulterius
1395 277 1611 342 Impera·

205 362 309 410 tor,
363 347 553 413 placida
589 367 682 413 ope
725 348 963 409 numinis,
1026 361 1081 394 ut
1119 348 1467 409 arbitrabatur,
1515 362 1616 394 crea

161 438 186 464 2
207 417 347 465 ctior.
418 418 642 483 Cumque
667 417 1033 482 Maogam'alcha
1055 417 1268 477 veniffet,
1305 417 1481 463 urbem
1517 434 1614 462 ma-

209 504 353 550 gnam
385 500 433 533 et
462 486 636 534 validis
668 479 1019 534 circumdatam
1047 486 1334 542 moenibus,
1392 483 1616 532 tentoriis

207 556 312 602 fixis
331 555 547 620 providit
565 554 797 618 sollicite,
828 574 890 603 ne
908 556 1056 603 castra
1086 555 1341 621 repentino
1374 553 1617 619 equitatus

209 624 389 673 Perfici
410 625 721 673 turbarentur
741 623 939 673 accursu
957 644 967 672 ε
1004 626 1141 673 euius
1161 622 1402 672 tortitudo
1422 625 1470 669 in
1498 621 1620 669 locis

210 694 490 758 patentibus
510 694 720 743 immane
753 708 988 759 quantum
1011 694 1233 757 gentibus
1257 693 1322 741 est
1337 691 1616 740 formidata.

168 769 196 812 3
215 763 276 810 Et
297 762 394 810 hoc
422 761 673 827 dispofito,
699 763 898 827 stipatus
917 763 1144 810 velitibus
1163 761 1347 827 panci5‚
1375 760 1476 825 ipse
1499 775 1620 826 quo-

216 849 311 897 que
346 830 495 896 pedes
525 832 732 879 civitatis
766 831 909 878 litum
943 830 1165 896 diligenti
1200 830 1514 894 inquilitione
1544 846 1622 877 ex-

214 902 521 965 ploraturus,
549 901 600 946 in
620 899 912 963 perniciosas
936 901 1281 965 praecipitatus
1306 898 1517 959 inlidias,
1565 915 1622 946 ex

172 971 200 1024 4
218 968 322 1033 ipso
343 969 468 1016 vitae
485 967 765 1015 discrimine
790 969 989 1015 tandem
1009 968 1214 1017 emcrlit.
1288 968 1513 1033 Namque
1534 983 1624 1033 per

213 1040 445 1086 latentem
479 1035 652 1100 oppidi
681 1050 874 1101 portam
912 1036 1083 1084 Persae
1119 1036 1288 1084 decem
1331 1036 1501 1084 armati
1543 1035 1624 1101 de·

216 1105 382 1170 greffi,
413 1105 608 1169 imaque
630 1104 874 1152 clivorum
895 1105 1210 1169 pervadentes
1230 1107 1498 1169 poplitibus
1518 1104 1627 1152 sub·

214 1171 447 1234 fidendo,
498 1174 754 1238 repentino
795 1174 984 1238 impetu
1025 1174 1213 1226 nostros
1254 1173 1461 1238 adgresfi
1497 1173 1622 1221 sunt.

217 1243 260 1291 E
281 1242 459 1308 quibus
480 1241 580 1289 duo
605 1241 995 1306 conspectiorem
1019 1242 1193 1289 habitu
1222 1241 1505 1307 Principem
1532 1244 1629 1307 gla-

222 1311 316 1358 diis
336 1310 520 1375 petiere
551 1310 800 1358 districtis:
846 1309 932 1359 sed
960 1312 1175 1359 occurrit
1205 1310 1384 1359 ictibus
1412 1325 1630 1359 erectum

220 1380 360 1428 altius
378 1380 592 1427 scutum:
631 1398 731 1445 quo
762 1393 1015 1427 contectus
1049 1398 1222 1444 magna
1250 1380 1469 1444 elataque
1504 1379 1629 1427 fidu·

221 1450 295 1496 cia
321 1449 465 1495 unius
491 1449 633 1497 lateri
661 1449 847 1496 ferrum
889 1449 1074 1496 infixit:
1132 1450 1338 1496 alterum
1377 1449 1630 1513 stipatores

222 1517 557 1582 multiplicatis
587 1517 767 1564 ictibus
797 1517 1099 1566 occiderunt.
1172 1516 1416 1579 Refiduis,
1469 1535 1494 1565 e
1525 1517 1631 1583 qui·
1676 1578 1679 1580 q

223 1588 316 1634 bus
351 1587 591 1634 vulnerati
617 1585 728 1634 sunt
762 1587 938 1651 aliqui,
975 1587 1189 1635 disiectis
1217 1588 1268 1634 iu
1300 1589 1488 1650 fugam,
1523 1585 1634 1651 spo-v

224 1655 449 1719 liatisque
471 1655 735 1713 ambobus,
767 1656 1003 1703 reducens
1035 1655 1304 1705 incolumes
1342 1656 1493 1704 socios
1518 1674 1633 1703 cum

229 1723 408 1770 exuviis
429 1723 661 1771 remeavit
689 1723 752 1770 ad
782 1724 956 1785 castra,
1004 1725 1226 1772 onmium
1247 1725 1433 1774 laetitia
1460 1741 1634 1788 magna

183 1790 489 1854 5l'usceptus.
557 1793 764 1840 Sustulit
786 1793 836 1838 in
858 1792 992 1842 hoste
1021 1794 1258 1859 prostrato
1287 1811 1483 1842 aureum
1520 1793 1639 1840 colli

230 1860 413 1907 monile
445 1860 746 1924 Torquatus:
789 1861 919 1909 fudit
948 1861 1415 1910 confidentissimum
1436 1863 1635 1910 Gallum

230 1928 357 1975 alitis
386 1929 775 1992 propugnatione
817 1931 1058 1991 Valerius,
1115 1931 1274 1994 postea
1305 1944 1636 1993 cognomento

233 1997 500 2044 Corvinus:
553 1996 743 2060 hacque
778 1997 930 2059 gloria
958 1997 1226 2061 posteritati
1252 1998 1362 2045 sunt
1388 2016 1636 2046 commen-

235 2063 361 2112 dati:
392 2082 493 2112 non
523 2063 831 2112 invidemus:
873 2065 1072 2114 accedat
1103 2066 1200 2113 hoc
1237 2084 1436 2132 quoque
1463 2085 1635 2114 monu-

233 2133 409 2180 mentis
428 2133 675 2181 veteribus
698 2133 883 2180 facinus
901 2135 1175 2198 pulchrum.

192 2215 222 2259 6
338 2202 599 2251 Constratis
621 2201 850 2266 postridie
872 2204 1119 2266 pontibus,
1156 2204 1464 2268 exercituque
1485 2206 1520 2269 ¹)
1546 2217 1641 2249 tra-

239 2285 379 2318 vecto
393 2308 407 2332 ,
446 2284 493 2318 et
515 2270 703 2318 metatis
723 2271 840 2317 alibi
859 2272 1092 2319 salubrius
1111 2273 1271 2320 castris
1295 2275 1421 2320 vallo
1452 2271 1640 2336 duplici

236 2337 610 2400 circumductis,
662 2340 893 2404 quoniam
934 2342 1017 2405 (ut
1058 2341 1298 2405 diximus)
1343 2343 1641 2390 timebantur

236 2407 522 2456 solitudines
547 2409 742 2472 planae,
778 2409 949 2473 oppidi
970 2410 1180 2476 suscepit
1202 2410 1470 2472 oblidium,
1519 2408 1643 2474 peri·

237 2476 456 2524 culosum
475 2478 582 2525 fore
602 2477 888 2539 existimans,
922 2479 959 2525 li
981 2480 1204 2544 gradiens
1225 2479 1436 2545 prorsus,
1456 2491 1481 2526 a
1500 2493 1638 2541 tergo

241 2546 563 2610 relinqueret,
597 2564 721 2612 quos
742 2546 945 2596 timeret.

293 2774 323 2811 ι)
352 2770 400 2804 al.
432 2772 587 2808 traines-to.
