1727 3144
499 155 884 188 iunianus.
960 142 1077 188 562.
1381 144 1480 190 305

76 285 217 319 tuens
256 266 528 333 enhydrus,
570 266 914 317 ichneumonis
945 283 1123 331 genus,
1166 266 1264 313 oris
1297 267 1486 316 aditum

73 352 295 405 penetrat
318 338 430 385 alite
455 337 647 402 praevia
670 337 962 402 patefactum
982 373 995 398 ‚
1012 350 1076 405 ret
1096 336 1327 401 populato
1354 355 1481 384 ven-

6 463 9 467 ·
73 422 147 456 tre
176 408 408 455 vitalibus
447 406 753 454 dilancinatis
792 405 1020 471 erumpit.
1112 404 1290 451 Audax
1316 419 1478 453 tamen
1498 428 1555 456 20

71 477 353 525 crocodilus
373 477 640 525 monstrum
660 475 938 540 fugacibus3
976 473 1065 521 ubi
1099 473 1336 521 audacem
1363 473 1480 521 sen-

70 545 204 603 serit,
240 545 610 606 timidissimum,
648 559 695 593 et
715 547 766 591 in
786 558 913 592 terra
934 544 1121 590 acutius
1143 561 1364 604 cernens,
1393 561 1482 606 per

75 630 287 679 quatuor
321 616 507 662 menses
536 615 773 661 hibernos
805 613 942 661 nullo
975 612 1102 661 vesci
1137 611 1318 659 dicitur
1349 613 1479 659 cibo.

175 684 536 748 Hippopotami
572 700 771 747 quoque
803 697 1096 743 generantur
1124 681 1175 727 in
1203 681 1301 728 illis
1320 682 1482 746 parti-
1502 695 1552 723 2¹

71 751 189 813 bus,
222 754 346 798 ultra
369 751 591 798 animalia
610 763 784 799 cuncta
805 750 990 797 ratione
1022 751 1237 797 carentia
1269 748 1496 816 sagacis—‚

69 820 177 867 fimi
201 820 265 867 ad
289 820 501 883 speciem
533 836 800 884 equorum,
835 819 1014 866 bifidas
1043 818 1281 866 habentes
1314 838 1483 882 ungu-

69 889 164 949 las,
206 883 485 954 caudasque
517 889 715 936 breves:
776 905 990 953 quorum
1026 887 1266 937 sollertiae
1300 889 1357 955 ns)
1382 890 1481 936 duo

70 957 266 1006 interim
291 957 548 1006 ostendere
565 956 860 1006 documenta
880 956 1098 1005 sufficiet.
1154 958 1307 1021 ¹Inter
1326 977 1482 1005 arun—
1504 977 1557 1002 22

73 1027 210 1074 dines
233 1027 382 1075 celsas
413 1042 461 1076 et
478 1026 754 1105 squalente-is
775 1026 926 1074 nimia
955 1025 1185 1074 denfitate
1217 1027 1338 1074 haec
1369 1028 1484 1075 hel-

68 1095 150 1143 lua
170 1097 419 1144 cubilibus
440 1097 624 1162 politis,
655 1095 811 1144 otium
832 1095 1056 1160 pervigili
1074 1095 1236 1143 studio
1260 1096 1484 1144 ciicum—

69 1164 278 1229 spectat,
335 1167 589 1232 laxataque
639 1164 785 1230 copia
832 1164 894 1211 ad
929 1163 1111 1229 segeffs
1156 1164 1482 1229 depascendas

71 1234 335 1298 egreditur.
420 1237 644 1300 Cumque
673 1234 772 1282 iam
802 1234 1023 1311 coeperit
1058 1231 1217 1281 redire
1254 1233 1482 1311 distenta,

71 1301 245 1352 aversis
270 1304 479 1368 vestigiis
504 1302 758 1368 distinguit
778 1303 996 1350 tramites
1014 1303 1221 1366 multos,
1255 1320 1316 1350 ne
1338 1303 1482 1350 unius

73 1372 206 1436 plani
236 1373 423 1420 itineris
452 1372 603 1420 lineas
633 1368 937 1419 infidiatores
969 1371 1185 1437 sequuti,
1234 1387 1481 1436 repertum

73 1441 171 1489 line
209 1439 494 1488 difficultate
527 1439 830 1489 confodiant.
911 1441 1065 1502 Item,
1109 1460 1222 1488 cum
1251 1441 1480 1488 aviditate
1500 1444 1558 1486 23

73 1510 225 1557 nimia
253 1512 537 1558 extuberato
578 1524 744 1557 ventre
784 1507 1037 1573 pigrescit,
1087 1508 1230 1574 snper
1272 1512 1482 1558 calamos

72 1596 242 1628 reeens
269 1579 480 1626 exsectos
505 1579 692 1626 femora
709 1578 960 1625 convolvit
985 1592 1032 1625 et
1055 1597 1194 1624 crura
1210 1615 1223 1639 ,
1256 1593 1309 1624 ut
1331 1579 1482 1643 pedi-

72 1647 166 1695 bus
186 1648 446 1696 vulneratis
467 1664 614 1694 cruor
644 1645 826 1710 egestus
854 1644 1015 1710 sagina
1043 1645 1310 1696 distentum
1338 1648 1485 1695 faciat

70 1715 259 1765 levem:
306 1727 354 1763 et
384 1734 550 1763 carnes
580 1714 763 1762 saucias
792 1732 944 1762 caeno
987 1715 1195 1773 oblinit,
1244 1716 1483 1781 quamdiu

71 1785 124 1833 in
142 1783 392 1833 cicatrices
427 1784 722 1832 conveniant
754 1784 941 1848 plagae.
1021 1785 1126 1832 Has
1156 1785 1480 1833 monstruosas
1500 1785 1558 1840 24

70 1854 278 1902 antehae
303 1855 521 1902 raritates
549 1854 601 1900 in
625 1854 826 1914 belluis,
859 1854 911 1900 in
932 1853 1178 1902 aedilitate
1203 1855 1376 1902 Scauri
1398 1853 1482 1901 vi-

72 1922 146 1970 dit
164 1923 413 1972 Romanus
436 1924 648 1988 populus
669 1923 918 1986 primitus,
954 1924 1103 1988 patris
1130 1924 1261 1971 illius
1289 1925 1481 1984 Scauri,

71 2010 220 2056 quem
245 1991 512 2040 defendens
536 1992 728 2040 Tullius
754 1992 962 2057 imperat
991 1991 1184 2056 Sardis,
1220 2007 1275 2040 ut
1307 1993 1366 2041 de
1398 1995 1480 2040 fa*

71 2062 206 2108 milia
226 2062 384 2109 nobili
406 2060 496 2126 ipfi
515 2079 714 2127 quoque
738 2079 852 2108 cum
873 2062 1007 2109 orbis
1035 2075 1107 2110 ter
1113 2082 1133 2109 1
1137 2081 1273 2110 arum
1305 2077 1482 2110 aucto-

72 2131 213 2179 ritate
244 2130 502 2179 sentirent:
553 2144 600 2178 et
636 2149 723 2196 per
750 2145 926 2178 aetates
961 2131 1133 2179 exinde
1156 2133 1318 2197 plures
1338 2131 1480 2195 saepe

71 2199 172 2247 huc
193 2198 353 2261 ducti,
390 2218 520 2247 nunc
538 2199 748 2248 inveniri
767 2218 1008 2265 nusquam
1028 2200 1248 2266 possunt,
1283 2215 1338 2248 ut
1368 2218 1483 2247 con-

73 2268 307 2316 iectantes
329 2269 584 2332 regionum
603 2269 791 2317 incolae
811 2268 1007 2331 dicunt,
1048 2269 1325 2318 insectantis
1360 2267 1482 2315 mul-

75 2337 300 2385 titudinis
320 2337 484 2384 taedio
503 2336 565 2384 ad
587 2337 861 2404 Blemmyas
884 2339 1103 2404 migrasse
1130 2337 1381 2402 compulli.

177 2407 313 2454 Inter
351 2406 616 2471 Aegyptias
655 2407 840 2470 alites,‚
870 2427 1077 2473 quarum
1108 2407 1311 2454 varietas
1345 2404 1482 2455 nullo
1499 2417 1557 2461 25

75 2475 434 2541 comprehendi
462 2492 663 2522 numero
687 2477 866 2540 potest,
902 2477 996 2523 ibis
1026 2477 1155 2523 sacra
1188 2475 1252 2521 est
1281 2489 1328 2521 et
1357 2494 1484 2523 ama-

78 2544 218 2604 bilis,
250 2559 298 2592 et
320 2546 549 2605 innocua,
585 2544 717 2607 ideo,
756 2544 892 2610 quod
912 2545 1092 2592 nidulis
1115 2544 1210 2590 suis
1232 2543 1290 2590 ad
1313 2543 1482 2594 cibum

76 2610 333 2678 suggerens
358 2632 446 2662 ova
464 2612 770 2678 serpentum,
805 2615 978 2677 efficit,
1017 2626 1070 2661 ut
1095 2611 1333 2663 rarescant
1354 2632 1484 2664 mor-

128 2777 189 2823 18)
217 2780 262 2816 τό
288 2784 435 2817 interim
470 2779 564 2829 vulg.
595 2777 702 2815 deest.
