1727 3144
229 153 324 221 2'78
466 177 733 210 ,anniam
774 177 1166 210 MARCELLINI
1204 178 1332 222 xxu,
1372 179 1415 223 7.
1452 163 1497 207 8.

229 282 510 347 sollemnia,
542 288 666 334 intra
688 302 926 336 terrarum
949 287 1228 352 genitalium
1257 286 1490 335 terminos
1516 284 1645 334 otio·
1691 300 1695 301 ’

235 353 284 402 se
302 356 469 405 vivere
490 356 771 404 finerentur.
1140 411 1143 413 ,

202 445 222 474 1
340 424 485 472 VIII.
528 425 821 490 Adpofitum
853 425 918 472 est
949 425 1023 488 (ut
1055 422 1290 488 existimo)
1322 438 1537 486 tempus,
1578 419 1642 468 ad

238 493 326 540 has
350 508 509 557 partes
530 512 616 541 nos
639 494 888 542 occasione
913 493 1076 557 magni
1101 491 1341 557 Principis
1368 492 1642 551 devolutos,
1685 523 1689 525 Δ

237 560 382 625 super
424 562 746 610 Thraciarum
790 563 1001 622 extimis,
1053 562 1241 625 fituque
1281 560 1476 608 Pontici
1515 559 1644 606 finus

241 629 338 677 visa
357 631 431 677 vel
451 632 573 678 lecta
598 633 839 696 quaedam
858 631 1105 696 perspicua
1135 630 1232 678 fide
1264 629 1539 677 monstrare.
1592 678 1595 680 ,

202 723 228 753 2
342 700 498 747 Athos
526 702 575 747 iu
598 700 891 748 Macedonia
912 719 1051 747 mons
1073 700 1154 747 ille
1181 698 1478 763 praecelsus,
1518 695 1647 743 navi-

240 767 333 815 bus
366 769 614 832 qnondam
647 771 854 818 Medicis
892 770 1110 834 pervius,
1153 782 1200 815 et
1244 768 1521 831 Caphareus
1553 765 1647 812 Eu-

239 837 414 883 boicus
434 840 683 903 scopulus,
713 840 800 886 ubi
824 838 1062 902 Nauplius
1084 836 1354 883 Palamedis
1381 850 1513 900 pater
1533 832 1649 881 clas-

239 903 339 955 sem
365 908 554 953 conlifit
576 910 826 971 Argivam‚
858 907 972 953 licet
993 908 1141 968 longo
1163 905 1319 968 spatio
1349 900 1648 952 controversi

243 992 271 1021 a
294 974 521 1024 Thess‘alo
545 977 664 1021 mari
697 976 994 1039 distinguunt
1015 975 1264 1038 Aegaeum
1284 994 1292 1021 :
1348 972 1484 1038 quod
1515 971 1648 1036 paul-

242 1041 381 1091 latim
409 1043 556 1089 fufius
589 1043 894 1102 adulescens,
935 1043 1124 1103 dextra,
1168 1062 1261 1107 qua
1281 1044 1375 1090 late
1403 1040 1650 1105 protendi-

243 1123 351 1170 tur,
390 1128 492 1172 per·
517 1112 762 1174 Sporadas
801 1112 866 1158 est
903 1110 1166 1157 insulosum
1206 1125 1350 1176 atque
1390 1109 1649 1176 Cycladas,

244 1177 361 1224 ideo
400 1177 464 1225 fic
499 1178 788 1243 adpellatas‚
837 1179 973 1243 quod
1020 1197 1188 1226 omnes
1228 1181 1448 1226 ambiunt
1487 1179 1651 1225 Delon

240 1243 280 1310 ²)
302 1260 441 1309 partu
468 1248 675 1295 deorum
706 1248 968 1312 insignem:
1010 1248 1146 1295 laeva
1174 1249 1213 1309 Ζ)
1233 1250 1451 1296 Imbrum
1482 1261 1530 1293 et
1557 1246 1654 1294 Te-

246 1314 427 1362 nedum
473 1317 827 1378 circumluens,
874 1331 922 1364 et
965 1317 1208 1363 Lemnum
1253 1331 1300 1364 ct
1334 1317 1370 1381 ³)
1407 1314 1650 1363 Thasum:

205 1401 237 1446 5
253 1383 446 1447 quando
471 1387 729 1450 perflatur,
759 1387 922 1433 Lesbo
944 1385 1150 1433 illiditur
1172 1385 1448 1433 violentius.
1512 1383 1652 1431 Unde

247 1453 519 1517 gurgitibus
558 1455 722 1501 refluis
759 1456 1011 1519 ‘Apollinis
1050 1455 1285 1502 Sminthii
1327 1454 1562 1518 templum
1597 1466 1656 1505 „et

243 1521 447 1572 ‚Troada
479 1523 777 1588 perstringit,
822 1538 869 1571 et
900 1524 1047 1571 Ilium
1084 1524 1296 1572 heroicis
1337 1523 1525 1572 casibus
1561 1523 1657 1570 cla-

249 1606 387 1637 rum:
418 1594 662 1657 efficitque
688 1593 882 1640 Melana
911 1593 1068 1639 finum
1096 1593 1374 1657 oppositum
1393 1592 1655 1656 Zephyro:

249 1659 388 1705 cuius
421 1661 554 1725 apud
587 1661 881 1726 principium
918 1660 1118 1709 Abdera
1152 1662 1318 1709 vifitur
1358 1665 1654 1725 Protagorae

252 1727 561 1776 domicilium
591 1744 637 1777 et
675 1731 973 1778 Democriti:
1021 1745 1347 1795 cruentaeque
1396 1729 1656 1788 Diomedis

251 1795 455 1843 Thracii
483 1798 644 1858 sedes,
679 1813 726 1845 et
757 1801 1025 1860 convalles,
1067 1818 1153 1864 per
1184 1819 1302 1865 quas
1338 1800 1535 1846 Hebrus
1565 1798 1656 1845 libi

249 1863 502 1926 miscetur,
541 1882 587 1914 et
607 1869 647 1932 ⁴)
671 1867 930 1929 Maronea,
972 1887 1025 1915 ac
1055 1870 1248 1929 Aenus,
1295 1887 1403 1933 quae
1428 1867 1546 1918 diri>-
1577 1886 1658 1913 au-

249 1931 415 1996 spiciis
443 1950 615 1999 coepta
645 1954 857 1999 moxque
888 1937 1082 1996 relicta,
1139 1937 1202 1984 ad
1230 1936 1496 2004 Aul’oniam
1531 1949 1658 1982 vete-

253 2019 359 2048 rem
384 2002 535 2049 ductu
557 2003 810 2050 numinum
830 2007 1111 2067 properavit
1130 2006 1336 2052 Aeneas.

210 2077 244 2135 l}
351 2070 480 2117 Hinc
513 2071 825 2135 gracilescens
858 2073 1132 2135 paullatim,
1186 2087 1232 2120 et
1278 2073 1410 2120 velut
1450 2072 1659 2119 naturali

252 2138 469 2201 quodam
490 2140 788 2187 commercio
814 2158 954 2187 ruens
980 2141 1030 2186 in
1060 2140 1295 2201 Pontum,
1333 2142 1532 2206 eiusque
1553 2160 1660 2205 par.-

251 2220 353 2253 tem
385 2206 665 2269 adsumens,
713 2209 765 2254 in
801 2208 1012 2272 speciem
1041 2215 1084 2263 Φ
1115 2211 1327 2257 Graecae
1354 2211 1542 2258 litterae
1562 2212 1660 2258 for-

254 2290 439 2322 matur:
496 2278 604 2324 exin
648 2278 1023 2341 Hellespontum
1063 2298 1089 2326 a
1134 2278 1379 2343 Rhodopa
1417 2277 1659 2340 scindens,

257 2344 550 2408 Cynossema
567 2384 579 2406 ‚
617 2347 704 2393 ubi
726 2345 910 2410 sepulta
929 2346 1145 2394 creditur
1166 2348 1396 2408 Hecuba,
1428 2362 1474 2394 et
1511 2348 1660 2396 Coela

254 2415 628 2479 praeterlabitur
660 2430 708 2463 et
725 2415 908 2466 Seston
940 2430 986 2463 et
1028 2418 1314 2480 Callipolim:
1370 2430 1536 2463 contra
1573 2434 1659 2480 per

257 2481 469 2531 Achillis
523 2484 785 2549 Aiacisque
829 2483 1047 2549 sepulcra
1097 2487 1379 2533 Dardanum
1422 2485 1662 2549 contingit

259 2563 308 2596 et
328 2551 540 2618 Abydon
555 2590 567 2614 7
597 2553 728 2603 unde
749 2553 925 2601 iunctis
946 2555 1179 2619 pontibus
1203 2557 1384 2602 Xerxes
1402 2553 1548 2600 maria
1580 2571 1663 2617 pe-

309 2739 340 2779 1)
370 2738 436 2771 Ms.
465 2749 577 2786 parte.
632 2741 669 2788 2)
697 2739 765 2777 ΜΓ.
795 2739 980 2777 Embrum.
1046 2745 1083 2789 3)
1110 2741 1178 2776 Ms.
1206 2743 1358 2779 Taxum.
1416 2740 1454 2786 4)
1482 2738 1549 2775 Ms.
1584 2738 1663 2774 Ma—

259 2792 382 2818 tronae
413 2797 453 2818 ac
481 2788 613 2820 Aenus.
