1727 3144
230 188 645 221 consi-ANNUS
676 188 749 219 ΕΤ
783 187 1102 220 murinus.
1176 178 1269 227 55.·
1399 185 1499 244 249

94 297 268 364 plebis,
297 299 386 346 ubi
405 299 488 347 lux
507 298 768 348 excanduit
788 298 949 361 tertia,
976 317 1225 347 morarum
1244 301 1500 365 impatiens

91 367 328 431 percursis
358 368 613 433 aggeribus
644 368 881 434 publiciS,
923 369 1107 416 Succos
1139 370 1354 435 (nemine
1385 374 1498 421 auso

92 434 324 503 resistere)
365 438 615 503 praesidiis
657 438 940 502 occupavit:
994 437 1268 502 iisdemque
1311 442 1500 489 tuendis

91 504 322 554 Nevitam
357 508 593 572 praefecit
628 522 682 555 ut
719 506 902 554 fidum:
949 508 1087 556 cuius
1122 507 1222 555 loci
1260 507 1404 555 litum
1446 528 1502 557 cx

88 590 224 621 nunc
246 577 596 625 convenienter
628 575 896 625 ostendam.

196 644 457 694 Consertae
491 644 731 694 celsorum
761 645 1003 692 montium
1031 644 1328 694 summitates
1355 646 1503 694 Aemi
1521 658 1548 697 5

91 725 138 759 et
157 711 452 778 Rhodopes,
487 732 699 777 quorum
721 714 840 761 alter
859 714 918 759 ab
943 712 1055 777 ipfis
1078 713 1230 761 Histri
1260 716 1502 779 margini-

89 780 209 855 hus)
237 782 357 828 alter
384 783 444 828 ab
465 782 580 829 Axii
599 782 813 830 fluminis
835 782 1054 829 citeriori
1080 797 1214 846 parte
1236 784 1502 847 consurgit,

88 850 138 894 in
159 849 395 912 angustias
416 849 668 898 tumidofis
690 851 900 899 collibus
922 851 964 910 ²)
985 850 1271 913 desinentes,
1309 854 1502 919 Illyrios

88 918 442 967 interscindunt
459 933 505 967 et
525 919 757 980 Thracas,
789 920 906 967 hinc
924 920 1111 967 vicinae
1134 921 1502 971 mediterraneis

84 986 233 1034 Dacis
257 1001 306 1035 et
322 989 572 1049 serdicae,
594 988 710 1036 inde
731 987 966 1036 Thracias
984 988 1315 1053 despectantes
1330 1006 1377 1040 et
1388 992 1502 1039 Phi.

86 1055 400 1119 lippopolim,
429 1058 649 1106 civitates
676 1059 860 1121 amplas
886 1071 933 1106 et
951 1059 1167 1106 nobiles:
1201 1074 1249 1107 et
1269 1063 1287 1126 (
1310 1062 1346 1126 ³)
1367 1076 1501 1108 tam-

90 1143 235 1188 quam
247 1126 433 1173 Natura
444 1129 493 1174 iu
505 1127 744 1174 ditionem
754 1127 1020 1174 Romanam
1033 1126 1321 1192 redigendas
1333 1130 1501 1177 natio-

85 1211 170 1240 nes
193 1194 488 1243 circumsitas
512 1193 877 1261 praenoscente)
910 1197 975 1243 ita
1003 1198 1236 1260 figuratae
1258 1197 1500 1259 consulto,

87 1262 213 1309 inter
239 1277 368 1311 artos
389 1266 541 1312 colles
561 1264 810 1329 quondam
821 1265 1011 1312 hiantes
1035 1263 1302 1326 obscurius,
1318 1267 1382 1314 ad
1403 1287 1502 1314 ma-

85 1331 392 1393 gnitudinem
415 1333 823 1397 splendoremque
856 1333 1019 1396 postea
1043 1334 1186 1380 rebus
1210 1335 1346 1398 elatis
1369 1350 1502 1400 pate·

89 1404 242 1449 tactae
267 1399 377 1447 suut
390 1416 438 1448 et
457 1401 725 1465 carpentis:
760 1400 1073 1465 aditibusque
1095 1403 1353 1467 aliquoties
1372 1405 1502 1452 clau-

90 1467 146 1515 fis
166 1487 455 1534 magnorum
481 1469 665 1518 ducum
687 1471 1082 1534 populorumque
1106 1473 1328 1535 repulere
1357 1491 1502 1522 cona-

91 1550 179 1583 tus.
209 1538 271 1585 Et
297 1557 423 1602 pars,
456 1557 579 1602 quae
611 1538 861 1603 Illyricum
900 1538 1083 1601 spectat
1122 1541 1318 1588 mollius
1349 1537 1545 1611 edita‘,4

87 1607 221 1654 v'elut
241 1608 433 1655 incauta
451 1605 659 1654 subinde
678 1606 947 1670 superatur.
973 1607 1121 1654 Latus
1144 1625 1260 1655 vero
1288 1628 1313 1657 e
1343 1613 1498 1675 regio-

88 1693 148 1723 ne
166 1675 443 1742 oppolitum
457 1675 700 1737 Thraciis,
717 1692 870 1739 prona
901 1674 1182 1723 humilitate
1216 1675 1500 1744 demptum,

87 1744 303 1808 hincque
324 1759 372 1793 et
392 1743 507 1792 inde
534 1741 733 1807 fragosis
752 1743 1027 1790 tramitibus
1046 1743 1370 1809 impeditum,
1406 1748 1500 1795 dif-

89 1814 216 1861 ficile
246 1812 493 1861 scanditur
528 1813 674 1861 etiam
706 1813 843 1859 nullo
875 1826 1088 1860 vetante.
1140 1815 1244 1861 Sub
1266 1816 1359 1864 hac
1396 1818 1501 1865 alti-

88 1882 257 1930 tudine
277 1884 507 1947 aggerum
528 1881 794 1946 utrobique
815 1879 1022 1946 spatiosa
1042 1901 1328 1947 camporum
1349 1887 1503 1951 plani-

90 1952 175 1998 ties
211 1953 359 2013 iacet‚
415 1951 632 2016 superior
661 1949 880 2016 adusque
909 1951 1055 1998 Iulias
1092 1953 1242 2016 Alpes
1287 1970 1497 2018 extenta,

89 2021 291 2068 inferior
322 2023 389 2068 ita
419 2020 645 2085 resupina
687 2034 735 2067 et
774 2019 957 2084 panda,
1010 2035 1066 2067 ut
1113 2022 1258 2069 nullis
1310 2024 1499 2072 habite-

79 2104 166 2138 ,tur
210 2091 464 2138 obstaculis
487 2089 704 2153 adusque
727 2089 907 2136 fretum
937 2103 985 2136 et
1022 2090 1396 2155 Propontidem.

191 2160 308 2222 His,
349 2173 404 2206 ut
434 2160 485 2206 in
521 2177 570 2206 re
598 2159 682 2206 tali
713 2172 911 2222 tamque
938 2160 1156 2223 urgenti,
1198 2162 1494 2226 compositis,
1514 2180 1543 2224 5

89 2228 313 2292 magistro
344 2228 563 2292 equitum
584 2229 684 2274 illic
706 2227 901 2289 relicto,
943 2227 1210 2292 imperator
1239 2232 1496 2278 revertitur

90 2296 317 2345 Naessum
353 2295 606 2362 copiosum
641 2295 906 2361 oppidum,
950 2315 1049 2362 quo
1081 2300 1121 2362 ⁴)
1143 2299 1494 2363 impraepedite

91 2380 266 2414 cuncta
296 2365 579 2430 disponeret
609 2365 704 2412 suis
738 2365 1025 2413 utilitatibus
1054 2368 1320 2430 profutura.
1400 2368 1492 2416 Ubi
1513 2379 1541 2421 6

89 2437 343 2485 Victorem
369 2434 502 2498 apud
530 2435 762 2482 Sirmium
797 2434 954 2481 visum
982 2434 1265 2499 scriptorem
1293 2436 1494 2484 histori-

94 2523 231 2566 cum,
265 2504 537 2568 exindeque
559 2503 722 2551 venire
748 2518 1085 2567 praeceptum,
1120 2503 1388 2554 Pannoniae
1412 2506 1495 2555 se—

95 2573 280 2622 cundae
310 2574 614 2621 consularem
645 2572 905 2636 praefecit,
963 2587 1010 2619 et
1053 2572 1312 2622 honoravit
1347 2594 1491 2625 aenea

901 2662 923 2681 μ’,
931 2675 933 2677 ,

145 2761 187 2840 2?
213 2760 281 2797 ΜΓ.
311 2759 521 2798 desinenter.
575 2762 611 2805 3)
639 2760 683 2798 ru*
709 2760 857 2794 Natura
886 2757 922 2790 in
946 2755 1015 2789 ΜΓ,
1046 2754 1154 2790 deest.
1218 2760 1256 2801 4)
1290 2756 1359 2794 ΜΓ.
1399 2773 1499 2809 prac-

105 2819 158 2853 ρι’(
179 2817 237 2841 1te.
