1727 3144
459 157 919 189 CONSTANTms.
992 142 1107 192 555.
1430 147 1494 192 61

95 268 417 331 omnis'velut
443 267 698 317 defensura
746 266 1004 332 proprium
1041 265 1246 332 pignus,
1291 269 1501 317 terribili

90 340 280 402 impetu
308 338 608 403 praefectum
640 336 901 384 incell'cbat
929 349 985 382 ut
1012 335 1270 384 timidum:
1308 336 1395 385 sed
1417 339 1499 386 ille

90 408 272 456 stabilis
295 421 343 456 et
363 421 552 455 erectus
573 404 788 453 immiffis
815 405 1177 470 adparitoribus
1192 443 1205 466 ,
1244 420 1498 471 correptos

90 476 280 542 aliquot
318 491 614 541 vexatosque
647 474 931 535 tormentiS,
988 493 1079 522 nec
1118 474 1359 540 strepente
1395 476 1500 522 ullo

87 563 178 592 nec
223 545 506 607 obfistente,
559 543 756 592 insulari
790 561 948 608 poena
986 543 1022 609 ³)
1054 543 1292 591 multavit.
1381 544 1536 600 Die-5

86 614 279 679 busque
300 615 467 678 paucis
487 613 702 679 sequutis
721 631 835 660 cum
854 610 1026 661 itidem
1058 613 1199 676 plebs
1237 612 1391 661 excita
1423 632 1499 660 ca·-

85 683 217 744 lore,
269 701 368 748 quo
406 682 682 743 consuevit,
728 681 839 743 vinij,
862 682 1106 732 causando
1145 682 1390 747 inopiam,
1435 681 1499 729 ad

85 750 490 816 Septemzodium
519 749 839 812 eonveniss'et,
881 751 1126 799 celebrem
1163 752 1359 813 locum,
1409 751 1498 798 ubi

87 820 248 884 operis
282 820 528 867 ambitioli
554 819 902 885 Nymphaeum
918 819 1132 868 'Marcus
1155 820 1382 868 condidit
1400 821 1500 868 Im-

82 884 306 955 perator:
339 890 457 937 illuc
491 887 554 937 de
583 887 819 936 industria
850 906 1057 954 pergens
1090 890 1391 955 praefectus,
1432 890 1495 937 ab

84 961 220 1005 omni
242 972 354 1022 toga
375 956 782 1023 adparition'eque
803 959 1068 1022 rogabatur
1099 959 1317 1021 enixius,
1353 977 1415 1008 ne
1443 959 1497 1006 in

79 1027 447 1075 multitudinem
467 1026 514 1075 se
539 1041 849 1091 arrogantem
869 1027 1139 1076 inmitteret
1160 1043 1207 1076 et
1234 1028 1496 1089 minacem,

82 1113 141 1143 ex
158 1092 494 1145 commotione
523 1096 720 1161 pristina
745 1095 1068 1145 saevientem:
1108 1100 1150 1164 ⁴)
1183 1097 1495 1163 difficilisque

87 1164 151 1212 ad
181 1183 413 1230 pavorem
447 1179 578 1214 recte
613 1165 844 1227 tetendit,
875 1165 999 1214 adeo
1017 1180 1073 1214 ut
1094 1184 1206 1214 eum
1230 1167 1499 1231 obsequen-

81 1234 206 1280 tium
229 1253 335 1298 pars
356 1232 622 1296 desereret,
662 1235 778 1282 licet
800 1235 850 1281 in
885 1235 1162 1298 periculum
1190 1235 1496 1282 festinantem

83 1303 363 1366 abruptum.
437 1302 655 1350 Infidens
674 1303 839 1366 itaque
863 1303 1109 1363 vehiculo,
1145 1321 1257 1350 cum
1279 1302 1534 1367 speciosas*

84 1370 266 1418 fiducia
298 1372 622 1418 contuebatur
664 1371 858 1416 acribus
900 1371 1053 1417 oeulis
1093 1371 1497 1420 tumultuantium

87 1440 306 1504 undique
342 1456 614 1486 cuneorum
644 1439 792 1486 veluti
824 1438 1118 1502 serpentium
1152 1441 1333 1488 vultus:
1389 1460 1497 1506 per-

86 1508 344 1573 pellusque
373 1508 526 1555 multa
555 1507 653 1553 dici
685 1507 946 1571 probrosa,
994 1509 1212 1570 agnitum
1234 1511 1502 1574 quemdam

84 1578 213 1625 inter
243 1578 363 1625 alios
383 1576 701 1636 eminentem,
737 1575 852 1621 vasti
879 1576 1128 1639 corporis,
1166 1578 1398 1643 rutilique
1421 1598 1498 1627 ca-

84 1646 220 1710 pilli,
251 1644 594 1708 interrogavit,
628 1662 687 1690 an
706 1642 807 1707 ipse
831 1643 943 1691 effet
967 1644 1139 1692 Petrus
1162 1645 1496 1710 Valvomeres,

83 1729 139 1762 ut
162 1713 404 1775 audierat,
436 1727 788 1777 cognomento:
829 1730 1067 1777 eumque,
1111 1731 1225 1761 cum
1256 1715 1346 1763 effe
1372 1716 1494 1766 sono

85 1782 402 1848 respondisset
452 1781 822 1846 obiurgatorio,
882 1795 938 1829 ut
978 1780 1323 1832 seditiosorum
1367 1801 1498 1834 ante-

83 1852 335 1916 ljgnanum
395 1851 514 1899 olim
571 1850 662 1898 fibi
719 1866 1054 1916 compertum,
1118 1852 1497 1903 reclamantibus

85 1921 275 1983 multis,
330 1920 439 1985 post
472 1934 602 1984 terga
641 1920 866 1967 manibus
900 1921 1073 1968 vinetis
1102 1920 1331 1985 suspendi
1362 1942 1499 1988 prae-

25 2047 33 2053 κ
85 1990 231 2054 cepit.
315 1990 430 2046 Quo
458 1988 558 2037 viso
589 1988 815 2052 sublimi,
858 1990 1213 2055 tribuliumque
1245 1991 1534 2051 adiumen-5‘

87 2073 190 2105 tum
224 2057 559 2124 nequidquam
592 2058 910 2123 implorante,
949 2060 1122 2124 vulgus
1152 2078 1297 2107 omne
1326 2064 1493 2125 paullo

87 2142 196 2175 ante
226 2127 530 2188 confertum,
574 2145 662 2191 per
697 2128 824 2175 varia
856 2128 991 2176 urbis
1017 2129 1236 2177 membra
1266 2129 1495 2177 diffusum

85 2196 151 2242 ita
173 2195 397 2252 evanuit,
431 2209 486 2241 ut
509 2197 760 2243 turbarum
795 2197 1057 2245 acerrimus
1086 2197 1334 2259 concitor,
1376 2213 1496 2245 tam-

88 2284 236 2329 quam
263 2265 314 2311 in
345 2263 564 2310 iudiciali
593 2263 780 2314 secreto
811 2267 1013 2314 exaratis
1045 2267 1279 2314 lateribus
1314 2266 1376 2313 ad
1414 2267 1495 2314 Pi-

87 2352 264 2381 cenum
291 2333 573 2380 eiiceretnr:
615 2334 702 2380 ubi
729 2336 893 2399 postea
924 2334 1062 2382 ausus
1083 2336 1270 2400 eripere
1296 2335 1494 2399 virginis

88 2420 188 2448 non
225 2402 457 2449 obscurae
487 2400 724 2465 pudorem
744 2441 757 2464 ,
801 2403 1023 2451 Patruini
1052 2404 1087 2471 ⁵)
1108 2405 1371 2453 consularis
1392 2404 1495 2452 sen-

88 2471 236 2518 tentia
255 2471 494 2536 supplicio
517 2470 582 2518 est
601 2472 796 2537 capitali
825 2473 1064 2522 addictus.

138 2741 175 2784 3)
201 2752 319 2786 poena
352 2742 512 2780 mulctati
547 2743 638 2783 sunt*
701 2744 744 2793 4)
784 2741 942 2783 difficilzs
978 2741 1023 2778 ad
1058 2755 1228 2792 pavorem
1273 2754 1382 2786 recte.
1457 2748 1493 2791 fo)

96 2785 146 2818 ul.
174 2786 372 2823 consulari.
