1727 3144
0 2796 9 2925 ,ρᾳ--ι
1 2635 8 2781 -τ--ψαο
0 2266 8 2627 υ--ι-Ἴ--ο-φ-ηε-»εᾳ

112 140 114 142 ’
165 132 297 165 VAL.
335 131 633 164 GRATIAN.
671 133 740 164 ετ
774 133 1030 165 vALeNT.
1072 136 1116 166 2.
1189 124 1306 184 577.
1408 126 1503 187 587

95 241 282 305 ruinas,
311 255 394 288 aut
411 241 725 290 lacerandum
745 243 1054 292 membratim
1070 283 1082 305 ,
1112 260 1194 292 aut
1215 246 1504 298 [erviturum

93 309 184 358 suh
215 310 501 358 verberibus
524 325 572 358 et
592 314 846 359 tormentis
873 312 998 361 duro
1026 312 1258 362 devovisti
1281 319 1469 367 victori.

198 379 401 429 Barbari
437 394 627 441 tamen,
670 381 804 428 velut
843 381 1072 430 diffractis
1110 386 1269 432 caveis
1311 388 1548 450 bestiae‚9

92 464 182 511 per
200 446 462 512 spatiorum
484 449 830 513 amplitudines
847 450 996 498 fufius
1018 451 1229 513 incitati,
1264 456 1505 518 oppidum

92 516 311 579 petivere
334 517 532 567 nomine
561 519 835 581 Dibaltum,
862 519 950 566 ubi
973 520 1251 568 Tribunum
1282 522 1507 573 scutario-

94 602 202 631 rum
224 585 553 634 Barzimerem
575 587 828 641 inventum
866 606 980 636 cum
1009 588 1131 648 suis,
1177 591 1507 657 Cornutisque

93 666 141 699 et
164 654 268 701 aliis
296 655 517 720 peditum
551 656 765 703 numeris
793 657 940 707 castra
969 670 1234 720 ponentem
1264 661 1506 726 adliliunt,

90 721 339 773 eruditum
362 725 560 788 pulvere
582 723 783 769 milit-ari
796 737 1051 770 rectorem.
1125 726 1226 781 Qui
1247 731 1500 779 confestim
1527 739 1583 771 10

90 792 166 854 (ut
193 791 418 854 adigebat
448 789 695 837 neceffitas
730 790 948 837 instantis
979 791 1135 857 exitii)
1174 793 1293 842 iuss'a
1329 816 1502 848 canere

89 860 323 908 bellicum
358 859 508 918 tuba,.
541 857 776 906 lateribus
814 859 1044 920 firmatis,
1098 865 1350 928 praerupit
1391 886 1506 915 cum

89 927 334 993 promptis
373 926 601 987 accinctis
638 927 701 973 ad
740 927 1011 990 proelium:
1065 929 1357 996 fortiterque
1399 937 1508 983 refi-

89 996 260 1047 fiendo
285 996 386 1061 pari
413 993 660 1060 pugnandi
679 994 1130 1059 soi-tendisceffiffess
1161 1000 1211 1045 ni
1242 1017 1353 1048 eum
1372 1007 1508 1069 equi-

89 1079 195 1113 tum
227 1064 457 1113 adcurl'us
488 1065 525 1129 ³)
545 1063 875 1128 complurium
906 1065 1136 1114 anhelum
1168 1069 1511 1121 circumvenis.

88 1133 160 1185 set
185 1148 231 1181 et
253 1133 440 1182 feffum.
513 1132 576 1180 Et
593 1132 661 1184 ita
680 1132 861 1179 cecidit
888 1133 1156 1183 interfectis
1185 1138 1506 1190 barbarorum

88 1221 188 1251 nou
224 1204 414 1267 pauciS,
468 1219 681 1268 quorum
713 1200 878 1253 clades
922 1203 1176 1268 copiarum
1216 1211 1505 1272 magnitudo

92 1273 298 1320 celabat.
807 1308 809 1311 -

189 1340 282 1388 IX.
320 1339 390 1389 Re
414 1341 465 1387 in
493 1340 626 1390 hunc
647 1341 853 1392 modum
890 1357 1112 1407 peracta,
1156 1344 1337 1407 Gothi,
1384 1347 1504 1412 quid
1529 1364 1554 1398 ι·

90 1410 256 1474 postea
276 1411 566 1458 molirentur
584 1412 783 1472 incerti,
816 1413 1154 1476 quaeritabant
1178 1414 1504 1478 Frigeridum,

88 1494 340 1544 tamquam
362 1480 556 1528 obicem
577 1480 822 1541 validum,
850 1480 938 1527 ubi
963 1482 1246 1544 reperirent,
1277 1485 1506 1532 excisuri:

91 1563 139 1597 et
181 1549 567 1598 cultiore'victu
609 1550 881 1613 lomuoque
928 1568 1190 1614 parumper
1230 1551 1507 1615 adsumpto,

90 1635 203 1665 eum
236 1616 561 1682 sequebantur
598 1634 654 1665 ut
691 1618 850 1666 ferae:
902 1617 1060 1679 docti,
1117 1619 1254 1683 quod
1284 1622 1510 1670 Gratiani

89 1686 285 1734 monitu
323 1685 539 1734 reversus
574 1689 625 1734 in
663 1686 924 1746 Thracias,
981 1700 1029 1734 et
1068 1705 1223 1751 prope
1264 1689 1506 1738 Beroeam

87 1756 223 1803 vallo
248 1770 457 1816 metato,
487 1769 686 1804 eventus
710 1773 872 1804 rerum
891 1755 1232 1820 speculabatur
1252 1759 1503 1822 ancipiteS.

84 1824 149 1876 Et
171 1823 224 1872 hi
245 1819 446 1888 quidem
468 1825 531 1872 ad
555 1824 842 1889 patrandum
870 1823 1174 1889 propofitum
1208 1825 1504 1876 discurfione
1524 1845 1552 1874 2

87 1891 258 1957 rapida
285 1893 608 1942 maturabant.
683 1893 772 1941 Ille
797 1910 914 1940 vero
936 1893 1137 1956 regendi
1166 1894 1509 1944 conservandi-

89 1979 185 2026 que
228 1961 398 2011 militis
437 1979 540 2009 non
575 1962 793 2026 ignarus,
848 1959 903 2008 id
941 1960 1080 2024 quod
1115 1961 1384 2024 cogitatum
1422 1965 1506 2026 est,

84 2029 378 2094 suspicatus,
410 2030 487 2077 vel
512 2031 878 2094 exploratorum
912 2028 1175 2089 relatione,
1215 2048 1338 2093 quos
1366 2033 1506 2080 mise..

87 2113 190 2155 rat,
219 2112 385 2162 aperte
406 2097 690 2158 instructus,
727 2115 814 2161 per
835 2100 1078 2143 montium
1108 2096 1231 2145 celsa
1260 2096 1507 2148 filvarum-

86 2185 183 2232 que
205 2165 458 2214 denfitates
478 2163 543 2213 ad
562 2166 813 2231 Illyricum
839 2165 993 2226 redit,
1043 2180 1230 2216 erectus
1261 2166 1505 2232 prosperi.

87 2250 185 2289 tate
206 2235 382 2296 nimia,
417 2251 566 2298 quam
591 2236 636 2281 ei
668 2234 766 2285 fors
802 2234 984 2281 obtulit
1012 2232 1268 2298 insperata.
1348 2236 1501 2301 Repe..
1519 2251 1550 2294 3

88 2303 254 2356 dando
277 2303 433 2364 enim,
468 2316 886 2367 congregatosque
912 2303 961 2349 in
981 2320 1163 2349 euneos
1190 2302 1359 2352 senfim
1389 2325 1504 2370 pro-

87 2372 340 2437 grediens,
402 2371 686 2420 Gothorum
721 2373 1008 2435 optimatem
1050 2371 1348 2419 Farnobium
1389 2393 1504 2424 cum

87 2441 355 2489 vastatoriis
374 2439 533 2504 globis
552 2455 804 2503 vagantem
826 2440 1050 2489 licentius
1085 2442 1342 2505 occupavit
1356 2479 1368 2503 ,
1416 2444 1503 2491 du..

87 2525 379 2573 centemque
412 2508 631 2556 Taifalos
658 2526 814 2574 nuper
842 2509 894 2556 in
922 2508 1202 2556 societatem
1225 2509 1500 2562 adhibitos:

91 2579 204 2644 qui,
240 2577 277 2626 fi
297 2577 501 2643 dignum
524 2577 590 2624 est
612 2576 737 2640 dici,
772 2577 943 2627 nostris
965 2577 1252 2644 ‘ignotarum
1283 2583 1500 2644 gentium

138 2743 176 2786 3)
208 2742 257 2776 al.
295 2740 613 2790 quamplurimum¹
