1727 3144
203 164 266 209 4ss
452 174 718 210 ammam
760 163 1362 222 MARCELL1N1'XV,5.

165 315 182 346 1
303 285 398 333 III.
417 284 569 332 'Haec
602 283 718 331 dum
750 284 1021 332 Mediolani
1047 299 1279 349 aguntur,
1311 279 1604 333 Militarium

204 369 421 403 catervae
475 354 536 399 ab
592 356 793 400 Oriente
851 353 1113 417 perductae
1154 354 1262 402 sunt
1307 355 1602 419 Aquileiam,

202 443 315 471 cum
345 423 512 470 aulicis
546 423 792 486 pluribus,
835 422 1066 469 membris
1097 423 1223 470 inter
1243 437 1434 471 catenas
1452 426 1604 471 fluen-

202 495 334 541 tibus
360 490 580 555 spiritum
610 490 854 538 trahentes
883 491 1135 554 exiguum,
1175 491 1468 556 vivendique
1502 509 1606 538 mo.

205 581 279 610 ras
301 579 386 625 per
403 578 652 607 aerumnas
677 559 891 606 detestati
912 559 1220 623 multiplices.
1291 560 1607 608 Arcess'cban-

205 645 283 678 tur
319 631 448 677 enim
479 628 681 674 ministri
723 628 858 675 suisse
896 628 1026 675 Galli
1063 628 1368 689 ferocientis,
1407 646 1607 693 *perque

205 717 288 747 eos
310 698 620 745 Domitianus
646 697 915 762 discerptus
935 696 1251 759 credebatur,
1293 712 1341 745 et
1370 697 1608 758 Montius,

165 784 256 816 2et
277 768 356 815 alii
382 767 484 831 post
507 784 590 814 eos
611 767 705 812 acti
734 767 783 812 in
813 767 1012 813 exitium
1048 785 1294 831 praeceps.
1373 765 1456 812 Ad
1484 784 1608 829 quos

208 836 479 892 audiendos
515 835 766 882 Arboreus
799 835 960 882 miss'us
996 836 1088 893 eft,
1130 850 1176 883 et
1207 833 1440 882 Eusebius
1472 835 1608 881 cubi-

207 906 306 954 culi
329 920 444 952 tunc
476 904 800 971 praepolitus,
845 904 990 951 ambo
1020 903 1401 952 inconsideratae
1432 903 1610 950 iactan-

207 975 328 1034 tiae,
369 972 530 1021 iniusti
557 973 736 1037 paritet
764 987 810 1020 et
834 973 1046 1020 ciuenti:
1090 974 1174 1037 qui
1206 974 1336 1020 nulla
1375 971 1612 1038 petspica-
1671 988 1675 999 ¹

207 1043 380 1104 citate,
445 1041 544 1089 fine
591 1041 926 1095 innocentium
972 1040 1280 1105 sontiumque
1322 1040 1612 1101 differentia,

209 1113 329 1158 alios
354 1110 636 1158 verberibus
658 1112 732 1157 vel
756 1111 1007 1157 tormentis
1028 1109 1250 1157 adflictos
1272 1109 1475 1157 exlulaii
1498 1123 1614 1174 poe·

208 1199 269 1227 na
299 1178 611 1238 damnarunt,
657 1179 895 1242 quosdam
928 1178 989 1225 ad
1018 1180 1234 1226 infimam
1276 1177 1458 1225 trulcie
1489 1178 1616 1225 mili-

206 1250 351 1307 tiam,
386 1246 599 1294 residuos
621 1248 908 1310 capitalibus
931 1246 1445 1311 adclixeiesuppliciis.
1517 1247 1614 1293 Ini-

207 1318 452 1382 fictisque
498 1316 725 1362 funerum
766 1315 941 1374 bustis,
1005 1315 1180 1362 ieverfi
1217 1317 1349 1362 velut
1397 1329 1614 1376 ovantes,

214 1387 337 1450 gesta
368 1385 637 1432 letuleinnt
666 1380 727 1429 ad
756 1383 1054 1447 principem,
1105 1401 1154 1430 er
1158 1402 1213 1446 ra
1236 1383 1356 1430 haec
1379 1398 1425 1431 et
1445 1383 1616 1430 nmilia

173 1457 375 1519 gpalam
407 1453 699 1500 obstinatum
732 1466 778 1499 et
814 1469 1023 1516 rravem.
1111 1452 1465 1501 Vehementius
1498 1452 1616 1500 hinc

217 1539 264 1585 eit
287 1521 466 1569 deinde
490 1492 842 1581 Constantius?
860 1520 991 1585 quali
1025 1519 1374 1585 praescriptum
1404 1521 1618 1568 fatorum

217 1592 442 1639 ordinem
476 1588 819 1647 convulsurus,
858 1587 1045 1634 recluso
1079 1603 1277 1652 pectore
1316 1590 1510 1653 patebat
1549 1590 1622 1635 in-

214 1659 501 1707 sidiantibus
525 1657 704 1703 multis.
781 1655 919 1702 Unde
942 1675 1194 1703 rumorum
1218 1676 1427 1720 aucupes
1457 1657 1619 1720 subit«)

218 1729 434 1776 exstitere
451 1726 754 1788 complures,
787 1724 1032 1771 honorum
1063 1727 1269 1772 vertices
1295 1725 1424 1788 ipsos
1453 1727 1620 1773 ferinis

216 1795 456 1844 morsibus
477 1793 785 1858 adpetentes,
821 1793 1079 1857 posteaque
1105 1812 1340 1858 pauperes
1370 1808 1418 1842 et
1446 1793 1620 1843 divites

217 1865 506 1913 indiscrete:
539 1880 638 1909 11011
671 1875 724 1907 ut
757 1862 1009 1927 Cibyratae
1038 1862 1108 1909 illi
1138 1862 1364 1923 Verrini,
1405 1863 1624 1910 tribunal.

217 1935 360 1982 unius
388 1931 532 1996 legati
562 1932 852 1989 lambentes,
900 1928 982 1977 sed
1025 1932 1093 1978 rei
1133 1932 1358 1996 publicae
1401 1933 1620 1979 membra

174 2003 367 2061 4t0tius
389 2020 474 2065 per
494 1999 758 2046 incidentia
777 2000 901 2045 mala
922 2014 1161 2046 vexantes.
1234 2000 1368 2046 Inter
1393 2018 1516 2064 quos
1554 2001 1622 2047 fa-

218 2072 311 2119 cile
345 2070 519 2118 Paulus
550 2081 597 2116 et
641 2068 912 2114 Mercurius
954 2069 1257 2115 eminebant:
1315 2068 1398 2116 hic
1431 2069 1620 2132 origine

217 2138 391 2199 Persa,
424 2139 504 2185 ille
526 2150 663 2183 natus
687 2136 734 2181 in
764 2137 936 2183 Dacia:
980 2138 1196 2184 notarius
1227 2138 1333 2198 ille,
1379 2137 1461 2184 hic
1494 2140 1528 2202 ¹)
1563 2154 1619 2184 ex

217 2207 436 2257 ministro
459 2206 656 2253 triclinii
679 2205 941 2252 rationalis.
1030 2205 1091 2252 Et
1121 2206 1271 2252 Paulo
1299 2204 1525 2270 quidem,
1567 2220 1620 2252 ut

221 2279 426 2326 relatum
452 2275 516 2322 est
536 2273 703 2337 supra,
749 2274 957 2320 Catenae
991 2273 1202 2321 inditum
1234 2274 1299 2321 est
1328 2292 1622 2337 cognomen-

222 2362 359 2404 tum,
399 2363 456 2392 eo
487 2343 622 2408 quod
654 2342 703 2388 in
733 2341 1085 2406 complicandis
1114 2343 1464 2390 calumniarum
1491 2343 1622 2388 nexi-

223 2417 313 2462 bus
337 2428 437 2462 erat
459 2409 816 2469 iudilsolubilis,
854 2411 893 2474 Ζ)
919 2425 1037 2457 tctia
1061 2430 1084 2457 v
1094 2429 1242 2458 onena
1262 2411 1332 2457 lcr
1339 2429 1435 2470 ens,
1475 2411 1623 2458 varie-

226 2503 319 2548 que
344 2480 655 2546 disperdens:
688 2493 741 2525 ut
763 2479 812 2524 in
836 2479 1263 2526 colluctationibus
1285 2480 1320 2544 ³)
1343 2480 1471 2524 calce
1491 2492 1623 2525 teue-

189 2564 276 2608 516
311 2551 511 2617 quidam
540 2549 694 2597 solent
724 2547 930 2594 aitifices
962 2546 1622 2611 palaeltiitac.Mcr*cu1ius

277 2738 316 2781 ι)
347 2733 655 2770 iN'ls.1ministro.
714 2737 750 2779 2)
779 2731 847 2767 ΜΓ
877 2732 969 2767 intra
996 2732 1033 2766 in
1057 2743 1224 2767 venerum
1258 2728 1329 2766 sese.
1358 2729 1525 2765 varietate
1553 2727 1627 2764 di·

230 2783 405 2832 pendens.
455 2781 589 2830 3)M1.
620 2779 839 2817 cahenomis.
