1727 3144
250 173 683 206 cONSTANTIUS
718 173 790 204 ET
824 173 1139 204 mamitus.
1214 160 1330 219 359.
1427 176 1520 222 197

116 282 334 331 exitiales
362 282 526 330 causas
559 282 599 348 ²)
628 282 949 347 adstringens,
1001 280 1120 343 dum
1151 281 1203 328 in
1236 282 1522 330 calamitosis

110 351 362 416 stipendiis
390 351 671 400 versaretur.
822 414 824 416 -

206 421 464 481 Materiam
495 435 655 469 autem
689 422 739 468 in
768 414 1016 468 infinitum
1052 415 1412 484 quaestionibus
1445 422 1566 465 ex25

107 488 366 537 tondendis
389 488 525 538 dedit
549 490 736 538 occasio
755 491 861 538 vilis
883 503 930 537 et
951 489 988 553 ³)
1015 506 1178 553 parva.
1261 484 1520 550 Oppidum

107 558 172 605 cst
195 558 428 624 Abydum
451 559 500 605 in
527 559 797 606 Thebaidis
817 573 951 623 parte
971 557 1113 605 litum
1139 569 1378 603 extrema:
1435 552 1519 600 hic

104 625 254 674 Besae
289 627 368 675 dei
396 627 616 676 localiter
648 627 879 691 adpellati
906 627 1153 674 oraculum
1176 622 1425 688 quondam
1446 623 1521 668 fu-

55 712 61 716 “
104 708 209 741 tura
241 696 505 758 pandebat,
563 695 731 760 priscis
769 694 1220 742 circumiacentium
1261 692 1517 756 regionum

101 763 410 811 caerimoniis
435 762 631 812 solitum
662 765 775 811 coli.
811 764 872 811 Et
894 765 1125 828 quoniam
1151 760 1348 826 quidam
1382 779 1513 825 prae·
1531 758 1562 812 4

99 830 287 889 sentes,
336 850 450 897 pars.
500 850 586 896 per
636 833 756 880 alios
789 827 1140 880 desideriorum
1173 830 1335 877 indice
1379 829 1512 876 missa

28 922 31 923 ⁷
99 898 359 964 scriptura,
409 899 845 965 supplicationibus
876 901 1091 966 expresse
1120 899 1371 964 conceptis
1396 917 1513 945 con-

98 968 220 1028 sulta
246 970 504 1018 numinum
532 969 856 1032 scitabautur·7
894 970 1141 1018 chartulae
1164 968 1247 1015 seu
1273 968 1514 1016 membra-

98 1055 215 1098 nae,
244 1037 576 1100 continentes,
621 1058 744 1104 quae
774 1041 1090 1105 petebantur,
1124 1039 1231 1102 post
1253 1037 1362 1084 data
1390 1054 1512 1100 qus)-

99 1124 195 1172 que
225 1106 449 1171 responsa
485 1108 733 1156 interdum
766 1110 1081 1157 remanebant
1117 1108 1167 1153 in
1204 1108 1335 1154 fauo.
1439 1104 1558 1150 Exs

94 1175 171 1222 his
201 1176 359 1240 aliqua
387 1176 450 1222 ad
471 1177 828 1242 Imperatorem
849 1178 1055 1242 maligne
1084 1176 1195 1223 sunt
1215 1175 1374 1235 missa,
1406 1174 1508 1237 qui,

97 1258 152 1290 ut
180 1258 281 1291 erat
307 1245 489 1308 angusti
519 1247 756 1309 pectoris,
801 1245 1148 1293 obsurdescens
1165 1245 1214 1290 in
1236 1243 1337 1290 aliis
1364 1241 1510 1289 etiam

94 1312 304 1360 nimium
326 1311 459 1360 seriis
473 1314 500 1373 ,‘
518 1314 568 1359 in
590 1314 688 1360 hoc
710 1315 852 1362 titulo
873 1316 966 1360 ima
982 1351 993 1372 ,
1024 1311 1161 1377 quod
1183 1312 1340 1372 aiunt,
1387 1309 1511 1356 auri-

95 1381 205 1427 cula
231 1381 455 1440 mollior,
501 1395 549 1427 et
574 1380 817 1445 suspicax,
862 1397 909 1429 et
930 1384 967 1438 *ἶ
1000 1383 1239 1443 minutus,
1276 1379 1371 1426 acri
1391 1379 1505 1425 felle

95 1449 363 1496 concaluit:
406 1449 660 1512 statimque
689 1449 749 1495 ad
779 1450 1032 1497 Orientem
1067 1449 1201 1496 ocius
1222 1450 1291 1495 irc
1318 1447 1508 1495 monuit

96 1517 347 1575 Paullum,
392 1517 626 1581 potestate
662 1518 845 1577 delata,
885 1533 938 1564 ut
979 1518 1122 1565 instar
1166 1516 1303 1565 ducis
1342 1534 1507 1563 rerum.

95 1586 394 1650 experientia
414 1587 558 1646 clari,
589 1585 651 1632 ad
669 1587 924 1632 arbitrium
946 1586 1081 1632 suum
1111 1584 1269 1631 audiri
1292 1585 1505 1632 efficeret

92 1654 272 1702 causas.
351 1655 634 1718 Datumque
663 1653 729 1700 est
758 1655 1012 1718 negotium
1045 1652 1296 1713 Modesto,
1357 1652 1503 1698 etiam
1522 1661 1552 1705 6

90 1739 196 1772 tum
226 1742 313 1788 per
342 1722 598 1770 Orientem
626 1722 823 1783 comiti,
873 1737 987 1787 apto
1018 1721 1080 1769 ad
1102 1722 1222 1768 haec
1248 1736 1294 1769 et
1311 1719 1501 1767 similia.

87 1793 430 1856 Hermogenes
447 1791 578 1838 enim
595 1791 827 1838 Ponticus
852 1810 905 1839 ea
923 1791 1206 1860 ‘tempessate
1226 1790 1502 1854 praefectus

88 1863 353 1926 praetorio,
388 1875 442 1908 ut
461 1860 661 1908 lenioris
682 1860 866 1924 ingenii
886 1861 1220 1925 spernebatur.

189 1929 435 1992 Perrexit,
488 1943 544 1976 ut
578 1943 893 1994 praeceptum
932 1930 1020 1992 est,
1067 1923 1551 1988 Paullus,·funesti7

88 1999 124 2063 ⁵)
156 1998 335 2047 furoris
361 2013 408 2046 et
433 1998 675 2046 anhelitus
695 2000 885 2063 plenus:
917 1997 1126 2064 dataque
1150 1996 1416 2045 calumniae
1438 1995 1509 2040 iu-

91 2067 365 2134 dulgentia,
403 2068 603 2133 plurimi
633 2066 936 2115 ducebantur
963 2069 1022 2115 ab
1047 2068 1165 2115 orbe
1187 2082 1342 2131 prope
1362 2078 1508 2110 terra-

86 2156 195 2185 rum
212 2174 225 2199 ‚
256 2137 385 2183 iuxta
406 2137 597 2184 nobiles
621 2150 669 2184 et
691 2135 907 2184 obscuri:
954 2155 1164 2201 quorum
1194 2136 1384 2198 aliquos
1406 2131 1506 2177 vin-

87 2207 311 2253 culorum
343 2203 624 2252 adflixeraut
657 2223 832 2267 nexus,
882 2206 1001 2254 alios
1041 2205 1240 2267 claustra
1282 2198 1504 2265 poenalia

87 2272 501 2337 consumpserunt.
545 2274 607 2320 Et
627 2275 774 2321 electa
795 2275 860 2322 est
876 2274 1133 2339 spectatrix
1153 2270 1504 2335 suppliciorum
1522 2271 1549 2314 8

86 2343 312 2391 feralium
339 2342 507 2389 civitas
537 2340 576 2405 ⁶)
599 2344 649 2388 in
669 2341 929 2390 Palaestina
956 2340 1284 2408 Scythopolis,
1314 2335 1505 2400 gemina

87 2412 274 2459 ratione
309 2409 406 2458 visa
438 2410 590 2474 magis
616 2411 842 2459 omnibus
865 2426 1166 2476 opportuna,
1202 2406 1337 2472 quod
1356 2404 1506 2452 secre-

86 2480 207 2542 tior,
252 2494 300 2532 et
332 2480 459 2528 inter
500 2479 815 2527 Antiochiam
846 2479 1290 2541 Alexandriamque
1325 2472 1502 2534 media,

88 2547 218 2609 unde
240 2549 383 2597 multi
405 2548 695 2613 plerumque
719 2549 779 2602 ad
800 2550 1003 2598 crimina
1034 2547 1366 2597 trahebantur.

609 2673 652 2681 ...-

145 2737 182 2775 2)
218 2733 286 2769 ΜΓ.
315 2734 548 2779 adstringens.
599 2744 620 2777 3
665 2735 733 2770 Ms.
758 2749 858 2783 pura.
914 2738 951 2777 4)
979 2737 1026 2767 al.
1052 2734 1221 2769 munitus.
1280 2734 1317 2779 5)
1341 2731 1409 2767 ΜΓ.
1429 2743 1505 2766 mu-

96 2781 198 2816 ι’ωῐς,
246 2784 288 2828 (ἱ)
313 2784 357 2817 τὸ
383 2788 423 2816 in
447 2781 547 2817 duest
574 2781 619 2816 al.
670 2795 703 2827 7,
731 2783 893 2829 rdsuga
922 2780 1019 2816 deest
1047 2781 1092 2815 al.
