1727 3144
212 158 346 197 VAAL.
385 163 680 195 GRATIAN.
712 165 785 195 ET
823 164 1087 196 VALENT.
1122 166 1168 196 2.
1243 154 1359 213 576.
1460 159 1557 218 579

137 271 290 334 fecta,
325 290 417 321 nec
441 272 706 321 ambitiosis
728 273 926 335 mensis,
960 292 1049 322 nec
1077 275 1324 340 flagitiofis
1355 278 1558 344 quaesti-

135 344 229 391 bus
260 342 508 390 inhiabat:
556 342 635 390 fed
666 344 968 391 unanimanti
1004 345 1179 392 ardore
1204 345 1380 393 summi
1415 363 1462 396 et
1487 350 1557 396 in-

132 412 240 459 fimi
273 411 397 458 inter
427 410 474 459 se
505 427 857 477 congruentes,
896 411 959 460 ad
987 412 1252 478 speciosam
1278 433 1367 478 pro
1395 436 1445 464 re
1469 437 1555 480 pu-

134 482 263 528 blica
293 494 527 542 mortem,
573 495 822 547 tamquam
855 482 917 529 ad
950 497 1149 546 portum
1186 485 1400 549 aliquem
1427 499 1554 533 tran-

136 551 343 616 quillum
368 551 698 614 properabant
717 565 764 598 et
786 550 1055 614 placidum.'

240 620 446 666 Duobus
484 621 677 666 navium
712 620 926 666 millibus
970 631 1206 684 perrupto
1241 618 1469 687 Bosporo
1501 638 1548 671 et
1578 625 1630 670 15

129 686 379 735 littoribus
411 687 728 752 Propontidis
761 687 1102 753 Scythicarum
1141 690 1357 753 gentium
1403 707 1552 739 cater-

131 770 218 804 vae
247 755 583 819 transgressae,
635 755 896 801 ediderunt
938 755 1140 818 quidem
1178 760 1377 806 acerbas
1421 775 1548 808 terra

127 825 348 888 marique
379 825 579 886 strages:
623 821 707 869 sed
737 822 901 869 amiffa
932 821 1129 870 suorum
1162 839 1296 888 parte
1338 830 1546 875 maxima

104 905 446 941 deverterunt.
535 891 832 939 Ceciderunt
865 891 1147 939 dimicando
1179 912 1292 940 cum
1325 895 1544 944 barbaris
1571 897 1624 939 16

128 963 456 1026 Imperatores
491 960 663 1021 Decii,
709 974 844 1025 pater
868 973 916 1007 et
937 961 1082 1007 filius.
1158 961 1382 1010 Obseffae
1404 964 1544 1012 Pam-

130 1031 325 1096 phyliae
347 1030 590 1088 civitates,
623 1027 802 1076 insulae
825 1030 1084 1094 populatae
1115 1032 1423 1095 complure83
1471 1035 1545 1081 in-

125 1103 371 1147 flammata
394 1097 711 1145 Macedonia:
749 1098 906 1144 omnis
940 1097 1027 1145 diu
1053 1100 1319 1148 multitudo
1347 1102 1545 1150 Thestii-

123 1170 339 1216 lonicam
359 1165 685 1227 circumsedit,
719 1165 990 1232 itidemque
1013 1168 1258 1232 Cyzicunn
1334 1170 1546 1218 Anchia-

125 1238 200 1285 los
232 1251 396 1301 capta‚
442 1250 489 1305 et
519 1248 741 1299 tempore
772 1235 947 1284 eodem
981 1235 1266 1301 Nicopolis,
1298 1253 1444 1303 quam
1472 1241 1545 1287 ina

129 1306 314 1353 dicium
347 1304 580 1352 victoriae
621 1318 791 1352 contra
831 1305 994 1352 Dacos
1036 1305 1273 1354 Traianus
1313 1309 1541 1356 condidit

127 1377 416 1440 Imperator.
497 1372 609 1420 Post
637 1372 800 1421 clades
831 1386 1049 1438 acceptas
1078 1376 1332 1442 illatasque
1367 1378 1541 1425 multas
1565 1384 1618 1429 17

130 1459 178 1494 et
207 1445 392 1503 saevam,
442 1441 594 1490 excisa
627 1442 693 1489 est
722 1442 1111 1508 Philippopolis,
1159 1460 1356 1492 centum
1382 1446 1542 1494 homi-

125 1530 245 1561 num
268 1512 485 1560 millibus
508 1510 615 1576 (nifi
637 1514 827 1576 fingunt
845 1513 1056 1576 annales)
1089 1513 1214 1560 intra
1242 1515 1437 1562 moenia
1471 1517 1544 1563 iua

129 1584 318 1649 gulatis.
393 1581 569 1645 Vagati
588 1598 675 1645 per
703 1580 908 1646 Epirum
941 1581 1331 1646 Thess'aliamque
1367 1598 1413 1631 et
1443 1603 1545 1632 omo

127 1669 259 1701 nem·
277 1650 534 1698 Graeciam
569 1650 794 1698 licentius
821 1650 980 1697 hostes
1005 1652 1212 1698 externi:
1248 1652 1334 1699 sed
1354 1652 1542 1700 adsume

127 1736 216 1789 pto
246 1721 297 1767 in
329 1719 590 1783 imperium
625 1719 833 1767 Claudio
865 1718 1077 1783 glorioso
1108 1719 1336 1782 ductore,
1383 1737 1431 1769 et
1463 1741 1543 1769 eoa

129 1792 244 1839 dem
292 1787 492 1836 honesta
540 1802 698 1835 morte
752 1803 1035 1853 praerepto,
1090 1807 1176 1854 per
1218 1791 1540 1838 Aurelianum

129 1877 289 1909 acrem
311 1858 468 1905 virum
488 1871 535 1904 et
545 1856 889 1904 severissimum
911 1876 1143 1905 noxarum
1168 1859 1375 1906 ultorem
1399 1859 1538 1922 pulli,

125 1949 215 1996 per
243 1929 390 1991 longa
418 1925 602 1973 saecula
646 1925 880 1973 filuerunt
920 1927 1227 1974 immobiles:
1283 1927 1370 1972 nifi
1403 1928 1540 1992 quod

125 1998 290 2064 postea
320 1995 627 2042 latrocinales
656 1995 791 2059 globi
822 1996 979 2042 vicina
1015 2012 1127 2040 cum
1149 1993 1220 2040 sui
1241 1996 1387 2041 exitio
1411 1998 1445 2060 ⁵)
1468 2015 1540 2041 raa

129 2068 228 2115 rius
288 2062 609 2112 incursabant.
709 2063 896 2115 Verum
956 2080 1011 2110 ea
1060 2063 1346 2127 persequar,
1405 2063 1537 2111 unde

131 2130 324 2184 diverti.
379 2157 381 2159 ·
1442 2192 1447 2195 ἢ

225 2204 318 2250 VI.
353 2200 463 2250 Hoc
488 2198 726 2264 gestorum
749 2208 881 2247 textu
905 2192 1192 2247 circumlato
1217 2193 1400 2246 nuntiis
1423 2198 1538 2247 dena
1563 2208 1578 2239 t

127 2273 187 2322 fis
203 2311 215 2333 ,
251 2270 487 2320 Sueridus
512 2282 558 2315 et
581 2269 770 2327 Colias,
801 2269 1082 2316 Gothorum
1106 2269 1388 2331 optiinate3‚
1424 2286 1537 2315 cum

127 2341 327 2408 populis
348 2340 444 2388 suis
467 2338 610 2401 longe
634 2351 743 2384 ante
760 2337 993 2402 suscepti7
1023 2350 1070 2383 et
1095 2354 1262 2384 curare
1291 2336 1420 2400 apud
1443 2337 1539 2384 Has

130 2409 462 2475 drianopolim
483 2406 688 2454 hiberna
712 2406 928 2470 dispoliti
944 2444 955 2466 7
987 2405 1187 2452 [alutem
1209 2403 1339 2451 suam
1362 2405 1540 2452 ducena

129 2493 202 2528 tes
223 2476 592 2544 antiquiffimam
622 2476 859 2536 omnium,
896 2474 1057 2522 otiolis
1079 2474 1248 2520 animis
1272 2473 1539 2521 accidentia

132 2563 306 2597 cuncta
335 2545 708 2596 contuebantur.
791 2545 978 2593 Verum
1018 2543 1328 2607 Imperatoris
1364 2543 1539 2591 litteris
1560 2552 1587 2583 2

823 2613 980 2660 0051

498 2690 722 2700 «um—-

182 2780 220 2824 5)
246 2776 313 2818 ΜΓ.
343 2776 453 2811 mrim„-
