1727 3144
270 147 361 178 iao
502 146 772 176 animiam
812 145 1198 176 MAsseELLim
1233 146 1355 190 mn,
1389 137 1435 178 8.
1475 149 1519 194 9.

266 255 535 332 dictorum,
567 254 874 320 opinantium
899 255 1102 319 reperiri
1121 255 1475 320 Imperatorem
1499 237 1667 303 etiaiu-

268 340 370 372 tum
400 325 449 371 in
479 325 722 385 hibernis,
769 341 938 388 pacem
969 322 1058 371 sub
1090 323 1181 371 hae
1200 325 1304 388 lege
1326 320 1665 388 praetendens,

266 408 319 441 ut
349 391 647 457 quiescentes
676 410 757 440 eos
788 407 1035 457 tamquam
1075 395 1124 438 in
1164 360 1276 438 luis&
1294 411 1383 442 uec
1422 392 1669 441 Iaccffinet

268 480 552 528 qumquam,
621 479 709 510 nec
748 476 951 510 vexaret.
1054 461 1160 508 Hos
1199 462 1421 526 legatos,
1467 460 1668 526 negotio

268 532 408 596 plene
438 529 650 593 digesto,
706 530 1025 596 oppolitaque
1059 529 1401 578 conditionum
1431 530 1673 594 perplexi-

268 615 389 660 tate,
421 600 543 646 utin
566 598 739 646 iisdem
768 599 1003 646 tuactibus
1036 614 1339 661 memmius,
1386 598 1504 646 dum
1537 598 1673 646 nede-

233 672 379 729 4unt‚
412 681 690 715 muneratos
710 667 929 716 absolvit.
1001 668 1249 734 Dictoque
1269 666 1411 715 eitius
1438 666 1670 733 sequutus

267 738 539 803 profectos,
601 737 782 785 Severo
825 736 949 784 duee
981 737 1118 784 miss'o
1151 755 1240 802 per
1281 737 1462 801 ripam,
1510 734 1672 783 subito

266 820 468 854 cunctos
494 804 759 870 adgressus,
793 820 1036 870 tamquam
1060 806 1278 853 fulminis
1306 806 1452 853 turbo
1482 805 1674 869 percul-

271 874 351 922 fit:
380 876 574 939 iamque
595 889 844 939 prflecantes
869 877 1056 937 potius,
1104 893 1250 939 quam
1285 873 1578 934 resistentes,
1619 874 1672 920 iu

273 957 602 1007 opportunam
642 943 925 991 elementiae
980 957 1164 1007 partem
1217 944 1391 990 effectu
1438 942 1674 990 victoriae

272 1015 424 1071 flexo,
458 1011 691 1058 dedentes
723 1010 769 1059 se
802 1031 914 1058 cuni
948 1012 1126 1075 opibus
1154 1012 1418 1076 libetisque
1446 1008 1672 1075 suscepit.

201 1122 205 1126 .
237 1080 551 1128 5Chamavos
571 1078 743 1126 itidem
765 1079 902 1126 ausos
926 1079 1095 1126 similia
1127 1080 1354 1137 adortus,
1399 1079 1569 1128 eadem
1599 1097 1676 1126 ee-

200 1146 216 1158 ”
272 1149 462 1196 leritate
485 1147 659 1211 partim
682 1148 885 1208 cecidit,
918 1148 1093 1211 partim
1128 1149 1301 1195 aeriter
1337 1163 1678 1213 repugnantes,

274 1217 513 1280 vivosque
534 1230 702 1280 captos
726 1216 974 1279 compegit
1003 1216 1054 1261 in
1084 1216 1301 1263 vincula:
1346 1217 1465 1263 alios
1496 1217 1680 1281 praeei-

273 1285 366 1351 piti
387 1285 498 1348 fuga
519 1283 739 1348 trepidat]
748 1298 814 1332 tes
828 1322 839 1344 ,
876 1284 937 1330 ad
957 1283 1037 1330 sua
1052 1321 1065 1345 7
1093 1302 1154 1331 ne
1174 1284 1379 1331 militem
1398 1284 1553 1348 spatio
1571 1286 1677 1332 lon·

276 1372 338 1418 go
382 1352 690 1416 defatigaret,
755 1353 889 1400 abire
932 1353 1130 1399 interim
1164 1352 1378 1417 permisit
1414 1354 1676 1406 innocuos:

277 1440 489 1486 quorum
520 1422 687 1485 legatis
720 1423 881 1485 paullo
915 1421 1078 1486 postea
1106 1421 1249 1468 missis
1281 1436 1531 1484 precatum
1564 1441 1680 1470 eon-

275 1492 554 1554 sultumque
585 1491 728 1537 rebus
754 1490 876 1551 suis,
913 1490 1056 1536 humi
1085 1490 1330 1554 prostratis
1369 1490 1459 1537 sub
1501 1491 1680 1538 obtuti-

275 1561 368 1609 bus
393 1559 520 1618 eius,
556 1576 729 1620 ‘pacem
755 1559 851 1606 hoe
874 1559 1045 1606 tribuit
1070 1574 1241 1622 pacto,
1272 1574 1325 1606 ut
1349 1559 1410 1608 ad
1437 1558 1520 1606 sua
1553 1559 1680 1608 redi*

280 1642 389 1675 rent
408 1627 695 1673 incolumes.
731 1670 733 1673 .

250 1728 267 1754 1
379 1696 473 1742 IX.
505 1695 704 1742 Cunctis
733 1695 882 1754 igitur
913 1712 969 1742 ex
999 1709 1117 1743 voto
1150 1697 1483 1758 currentibus,
1521 1697 1682 1746 studio

278 1763 502 1829 pervigili
541 1781 806 1828 properans
839 1765 999 1811 modis
1032 1765 1258 1811 omnibus
1288 1767 1546 1814 utilitatem
1577 1767 1684 1813 fun-

281 1833 395 1879 dare
430 1832 814 1895 provinciarum,
850 1832 1151 1880 munimenta
1183 1834 1275 1880 tria
1306 1849 1435 1882 reeta
1460 1835 1581 1882 serie
1609 1834 1685 1882 su-

278 1900 492 1965 perciliis
513 1900 734 1964 impolita
759 1903 973 1948 fluminis
996 1901 1163 1949 Mosae
1182 1939 1195 1962 ,
1235 1901 1459 1950 subversa
1492 1902 1681 1951 dudum

253 1969 603 2022 „obstinatione
636 1970 913 2031 barbarica,
967 1988 1189 2033 reparare
1228 1988 1316 2033 pro
1349 1985 1571 2035 tempore
1601 1990 1682 2020 eo-

281 2039 490 2102 gitabat:
529 2050 576 2084 et
601 2038 735 2085 illico
766 2037 874 2084 sunt
903 2039 1186 2098 instaurata,
1229 2040 1487 2101 procinctu
1514 2041 1686 2104 paulli-

251 2107 390 2170 nl'per
412 2105 600 2153 omiss'o.
674 2105 838 2171 Atque
860 2122 913 2152 ut
932 2106 1185 2154 confilium
1220 2106 1431 2170 prudens
1462 2109 1683 2157 celeritas

282 2177 463 2223 faceret
485 2188 669 2233 tutum,
704 2193 760 2221 ex
785 2193 974 2221 annona
997 2175 1167 2221 decem
1192 2175 1383 2223 dierum
1404 2190 1450 2224 et
1478 2176 1680 2242 septem,

284 2263 431 2310 quam
457 2244 508 2290 in
538 2243 897 2307 expeditionem
927 2261 1128 2307 pergens
1171 2243 1380 2291 vehebat
1410 2247 1683 2293 cervicibus

285 2314 454 2371 miles,
504 2312 778 2376 portionem
819 2311 1110 2358 subtractam
1138 2312 1190 2359 in
1232 2311 1406 2360 iisdem
1458 2313 1686 2374 condidit

286 2383 476 2442 castris,
504 2381 721 2444 sperans,
759 2399 814 2428 ex
836 2380 1194 2428 Chamavorum
1224 2380 1465 2444 segetibus
1492 2382 1545 2428 id
1574 2382 1686 2447 sup-

252 2458 277 2499 5
287 2451 410 2514 pleri
435 2450 591 2514 posse,
619 2450 754 2514 quod
776 2450 990 2497 ablatum
1014 2449 1094 2496 est.
1166 2449 1337 2513 Longe
1363 2464 1522 2498 autem
1545 2451 1686 2499 aliter

288 2518 482 2566 accidit.
564 2519 803 2583 Frugibus
844 2518 973 2565 enim
1016 2516 1236 2565 nondum
1281 2518 1426 2565 etiam
1465 2520 1683 2579 maturis,

289 2588 427 2634 miles
461 2586 700 2651 expensis,
749 2604 872 2652 quae
902 2588 937 2652 ¹)
973 2588 1224 2652 portabat,
1273 2605 1513 2653 nusquam
1550 2606 1685 2654 repe-

288 2698 388 2706 --—-.—

335 2751 375 2796 ι)
403 2749 470 2784 Ms.
497 2751 672 2799 portabat.
