1727 3144
263 152 359 197 455
467 164 734 195 ΑΜΜΑῺ
770 161 1163 205 MA‘ttcELLml
1199 161 1358 203 xxvn,
1405 159 1448 188 2.
1486 144 1531 186 5.

265 275 429 341 postea
458 272 707 322 consulem
742 270 1025 335 delignavit:
1057 270 1143 318 illo
1164 269 1393 318 videlicet
1413 266 1476 315 ad
1499 265 1664 330 gaudii

266 344 516 391 cumulum
541 342 827 399 accedente,
868 339 1004 405 quod
1033 338 1208 386 iisdem
1268 339 1404 385 iebus
1432 334 1667 399 Procopii

201 433 246 460 ιι
271 413 540 477 susceperat
578 424 723 475 caput
748 429 774 457 a
802 410 1008 458 Valente
1045 407 1383 466 transmiffuni.
1470 403 1670 451 Praeter

268 472 414 542 haec,
457 481 548 528 alia
579 481 728 526 multa
752 492 947 526 narratu
967 477 1128 533 minus
1153 476 1297 544 digua
1323 475 1541 524 conserta
1562 471 1672 520 sunt

268 551 456 615 proelia
483 567 571 614 per
608 563 787 596 tractus
817 548 974 595 varios
1008 547 1303 603 Galliarum,
1360 560 1487 610 quae·
1511 541 1673 606 super-

269 624 424 667 fluum
458 619 523 666 est
552 618 819 682 explicare,
870 616 1103 682 quoniam
1138 632 1296 679 neque
1345 629 1522 679 operae
1567 627 1674 675 pre-

270 690 395 736 tium
415 686 615 752 aliquod
637 705 807 735 eorum
830 685 1046 733 habuere
1071 698 1360 750 proventus,
1404 700 1494 730 nee
1527 679 1674 726 histo-

271 752 688 820 riam'producere
709 773 794 819 per
815 754 1041 801 minutias
1066 754 1307 817 ignobiles
1337 752 1492 800 decet.

235 843 252 868 1
377 826 471 873 Ill.
515 825 626 872 Hoc
666 839 887 887 tempore
919 824 994 870 vel
1022 824 1188 887 paullo
1220 836 1327 868 ante
1348 858 1359 880 ‚
1407 822 1534 866 noi‘a
1565 833 1678 881 por-2

271 894 392 941 tenti
411 893 592 957 species
614 910 700 956 per
722 891 1036 938 annonariam
1061 891 1286 955 adparuit
1306 887 1533 937 Tusciam
1552 905 1561 932 ε
1607 885 1679 960 id:

273 979 395 1026 que,
433 960 664 1025 quorsum
689 959 941 1015 eva-deret,
972 959 1318 1022 prodigialium
1345 976 1508 1005 rerum
1534 954 1680 1020 periti

270 1030 466 1093 penitus
506 1029 804 1092 ignorarunt.
903 1027 964 1073 In
1002 1027 1189 1090 oppido
1233 1028 1361 1073 enim
1404 1021 1682 1074 Pistoriensi

274 1115 428 1161 prope
447 1097 622 1143 horam
643 1094 743 1142 diei
762 1094 954 1143 tertiam
983 1095 1310 1159 spectantibus
1338 1095 1501 1141 multis
1526 1091 1681 1139 atinus

274 1165 509 1212 tribunali
528 1163 756 1211 adscenso
779 1163 1067 1211 audiebatur
1088 1163 1366 1212 destinatius
1388 1163 1605 1226 rugiens:
1634 1173 1682 1206 et

276 1235 554 1298 stupefactis
587 1233 843 1294 omnibus,
886 1233 971 1297 qui
997 1231 1223 1294 aderant,
1275 1232 1458 1297 quique
1499 1229 1684 1278 didice-

279 1317 386 1351 rant
404 1303 723 1350 referentibus
749 1302 880 1362 aliis,
913 1302 1150 1367 nulloque
1183 1302 1487 1364 coniectante
1517 1312 1685 1346 ventu-

235 1388 355 1433 21*a‚
393 1372 582 1436 postea,
619 1370 760 1436 quod
791 1369 1204 1434 portendebatur,
1254 1370 1427 1418 evenit.
1450 1425 1480 1437 ‚s
1501 1368 1684 1416 Teren-

281 1443 376 1488 tius
407 1441 538 1488 enim
565 1440 741 1486 humili
764 1457 938 1504 genere
958 1439 1009 1485 in
1029 1440 1150 1487 urbe
1176 1454 1315 1486 natus
1341 1452 1387 1486 et
1411 1438 1583 1502 pistor,
1621 1434 1685 1482 ad

279 1511 437 1558 vicem
456 1509 681 1574 praemii,
710 1510 823 1574 quia
854 1509 1100 1573 peculatus
1126 1527 1262 1557 reum
1292 1508 1527 1555 detulerat
1558 1506 1679 1553 Orfi-

279 1593 385 1626 tum
407 1596 462 1626 ex
490 1578 759 1642 praefecto,
798 1577 926 1624 hanc
954 1577 1175 1625 eamdem
1194 1577 1498 1642 provinciam
1524 1591 1688 1622 correae

280 1647 430 1695 ctoris
469 1647 881 1694 administraverat
919 1647 1165 1711 potestate.
1236 1647 1403 1711 anue
1435 1643 1685 1692 confiden-

280 1716 347 1763 tia
379 1716 609 1780 deinceps
639 1715 904 1780 inquietius
937 1716 1120 1780 agitans
1153 1717 1332 1772 multa,
1368 1715 1419 1761 iu
1446 1713 1688 1761 navicula-1

282 1784 468 1831 riorum
489 1785 687 1848 negotio
702 1784 871 1832 falsum
891 1783 1124 1832 admiliffe
1144 1785 1412 1844 convictus,
1432 1798 1486 1829 ut
1499 1782 1694 1829 serem..

283 1865 378 1913 tur,
406 1853 548 1915 periit
576 1853 817 1900 carnificis
839 1872 1000 1914 manu,
1018 1868 1212 1918 regente
1237 1853 1443 1901 Claudio
1468 1852 1684 1899 Romam.

241 1937 272 1981 3
383 1919 544 1983 Multo
580 1933 743 1966 tamen
774 1935 1033 1985 antequam
1060 1923 1157 1969 hoc
1188 1922 1517 1984 contingeret,
1548 1919 1687 1980 Syrn-

283 1988 483 2036 machus
511 1988 800 2050 Aproniano
827 1987 1067 2045 succeffit,
1093 1990 1220 2035 inter
1239 1989 1500 2052 praecipua
1532 1988 1688 2034 nomi-

284 2055 474 2103 nandus
506 2056 723 2119 exempla
743 2055 1077 2102 doctrinarum
1097 2071 1242 2121 atque
1263 2055 1523 2104 modestiae
1537 2093 1549 2115 ,
1586 2073 1685 2121 quo

286 2125 489 2172 instante
505 2125 622 2171 urbs
641 2123 943 2171 sacratissima
965 2125 1065 2172 otio
1086 2126 1339 2190 copiisque
1360 2123 1685 2172 abundantius

285 2193 430 2240 solito
454 2194 726 2240 fruebatur:
769 2196 836 2256 [et
859 2193 1115 2241 ambitioso
1145 2208 1293 2258 ponte
1318 2192 1517 2241 exsultat
1541 2207 1685 2258 atque
1725 2242 1727 2256 Ι

285 2262 572 2323 ῑίὶιἩιίΠὶῐηο,
607 2262 771 2326 quem]
793 2261 1016 2309 condidit
1044 2262 1168 2327 ipse,
1206 2267 1259 2310 'et
1288 2280 1460 2327 magna
1503 2262 1686 2310 civium
1725 2301 1727 2326 ἶ

284 2331 468 2378 laetitia
491 2328 733 2378 dedicavit
749 2332 1073 2394 ingratorum,
1118 2346 1173 2378 ut
1198 2349 1271 2379 res
1295 2330 1462 2378 docuit
1491 2329 1687 2395 apertis·
1725 2329 1727 2372 J

238 2406 272 2459 4
290 2399 419 2446 lima.
492 2400 609 2462 Qui,
640 2397 937 2462 consumptis
961 2401 1149 2465 aliquot
1169 2401 1321 2461 annis,
1358 2400 1561 2447 domum
1583 2402 1684 2446 eius
1725 2429 1727 2439 ι

289 2469 337 2515 in
368 2468 714 2516 transtiberino
743 2482 897 2514 tractu
938 2470 1315 2533 pulcherrimam
1345 2467 1684 2530 incenderunt,
1725 2482 1727 2533 ᾗ

288 2555 343 2584 ea
369 2555 419 2584 re
440 2536 637 2600 perciti,
677 2536 813 2601 quod
841 2538 948 2584 vilis
976 2538 1175 2602 quidam
1205 2538 1423 2602 plebeius
1446 2538 1684 2597 infixerat,
1726 2594 1727 2610 ¹

287 2605 424 2652 illum
457 2605 623 2653 dixiss'e
654 2604 751 2652 fine
779 2604 941 2653 indice
972 2608 1072 2654 ullo
1104 2609 1178 2655 'vel
1207 2606 1345 2669 teste,
1386 2606 1596 2653 libenter
1636 2605 1685 2653 se
1726 2614 1727 2664 ἶ

291 2674 402 2721 vino
434 2674 634 2738 proprio
662 2674 888 2721 calcarias
919 2676 1285 2736 exstincturum,
1325 2693 1471 2740 quam
1502 2674 1555 2721 id
1574 2692 1687 2722 veno
1726 2670 1727 2710 Ῐ

287 2741 502 2789 diturum
531 2742 721 2807 pretiis,
753 2744 930 2806 quibus
956 2743 1246 2809 sperabatur.
