1727 3144
474 197 863 230 IULIANUS·
937 183 1054 229 562.
1365 183 1463 237 505

155 308 283 357 Dein
323 309 511 375 Syene,
557 308 621 374 ²⁴)
641 308 692 356 in
723 305 1038 373 quasolstitii
1067 320 1313 371 tempore,
1361 332 1459 376 quo
1480 314 1536 357 δι

43 377 116 428 sol
137 379 367 427 aestivum
388 377 581 426 cursum
609 376 849 440 extendit,
891 390 1020 425 recta
1050 376 1215 424 omnia
1246 380 1461 428 ambiens

43 462 116 496 tes
167 447 293 496 radii
346 448 582 496 excedere
626 446 738 512 ipfis
782 446 1075 512 corporibus
1112 447 1311 494 umbras
1361 467 1460 498 non

36 516 221 564 linunt.
294 516 446 580 Inde,
484 516 518 564 fi
542 517 753 582 stipitem
781 517 1038 582 quisquam
1064 515 1225 564 fixerit
1254 530 1459 579 rectum,

0 603 3 607 ·
45 587 123 633 vel
154 587 409 635 hominem
441 601 523 634 aut
560 588 787 634 arborem
834 584 1014 634 viderit
1048 585 1278 647 stantem,
1330 587 1461 634 circa

42 654 443 704 liniamentorum
491 655 616 720 ipsas
667 655 993 703 extremitates
1043 655 1461 719 contemplabitur

43 725 242 772 umbras
297 725 512 771 absumi:
556 724 677 770 ficut
727 723 860 786 apud
905 724 1112 771 Mexoen
1162 724 1459 789 Aethiopiae

41 806 231 869 partem
256 792 602 857 aequinoctiali
622 791 808 840 'circulo
832 791 1105 856 proximam
1139 792 1319 840 dicitur
1351 812 1457 842 eve-

45 861 176 921 nire,
211 861 300 909 ubi
325 879 411 925 pei
433 861 698 925 nonaginta
720 859 824 908 dies
842 861 1046 913 umbiae
1071 861 1276 909 Ποίὶιίε
1266 881 1314 908 ln
1340 881 1456 910 con-

42 929 247 977 trarium
266 929 476 991 cadunt,
510 929 641 978 unde
668 928 915 977 Antiscios
936 930 1037 977 eius
1058 930 1242 978 incolas
1263 947 1454 979 vocant.

44 998 180 1054 Quae
212 1000 447 1064 quoniam
470 999 704 1048 miracula
726 1000 877 1045 multa
898 997 1022 1061 sunt,
1058 999 1275 1063 opusculi
1305 1002 1453 1048 nostri
1476 1006 1531 1047 32

39 1068 348 1132 propolitum
372 1068 671 1130 excedentia,
708 1067 771 1116 ad
792 1068 988 1132 ingenia
1015 1068 1139 1116 celsa
1162 1069 1454 1133 reiiciamus,
1479 1121 1483 1124 ,

38 1154 196 1201 pauca
218 1135 361 1202 super
383 1138 653 1203 provinciis
678 1137 935 1185 narraturi.

140 1206 281 1254 XVI.
321 1206 443 1254 Tres
471 1207 745 1272 provincias
771 1207 1021 1270 Aegyptus
1052 1206 1206 1253 fertur
1234 1205 1453 1254 habuisse
1482 1220 1497 1245 1

41 1275 348 1339 temporibus
372 1275 568 1340 priscis,
604 1277 883 1341 Aegyptum
914 1274 1067 1340 ipsam
1086 1312 1097 1334 ,
1147 1290 1192 1322 et
1225 1274 1456 1322 Thebai*

43 1343 181 1403 dem,
226 1358 272 1390 et
306 1344 533 1408 Libyam:
591 1343 929 1409 quibusduas
966 1343 1145 1390 adiecit
1187 1344 1453 1408 posteritas,

41 1413 102 1457 ab
128 1411 351 1476 Aegypto
382 1413 822 1476 Augustamnicam,
854 1426 898 1459 et
926 1412 1232 1476 Pentapolim
1255 1432 1281 1459 a
1301 1413 1457 1479 Libya

46 1480 245 1527 licciore
272 1480 586 1529 diffociatam.

146 1549 302 1614 Igitur
321 1549 538 1597 Thebais
561 1550 733 1597 multas
754 1550 881 1596 inter
899 1550 1065 1606 urbes,
1099 1550 1327 1597 clariores
1350 1550 1453 1597 aliis
1478 1572 1501 1597 2

45 1617 394 1683 Hermopolim
414 1619 592 1676 habet,
623 1632 669 1665 et
691 1620 885 1681 Copton
906 1654 918 1677 ,
954 1632 1001 1665 et
1025 1618 1272 1678 Antinon,
1308 1638 1456 1683 quani

45 1686 327 1734 Hadrianus
378 1688 429 1734 in
479 1688 724 1735 honorem
768 1689 802 1747 ¹)
829 1686 1037 1733 Antinoi
1082 1686 1309 1733 condldit
1355 1687 1456 1733 sui:

46 1755 88 1821 ²)
111 1756 479 1825 hecatompylos
504 1756 635 1804 enim
655 1755 854 1803 Thebas
880 1755 917 1820 ³)
940 1772 1085 1802 nemo
1107 1774 1204 1802 non
1238 1774 1331 1803 nov
1339 1757 1388 1802 it.

151 1826 208 1871 In
233 1825 326 1872 Au
316 1826 608 1890 gustamnica
628 1824 872 1872 Pelufium
901 1824 967 1872 est
1002 1824 1243 1889 oppidum
1276 1826 1508 1886 nobile,5

47 1893 185 1958 quod
207 1894 381 1942 Peleus
407 1895 617 1942 Achillis
650 1909 785 1959 patei
820 1893 999 1940 dicitm
1028 1893 1328 1955 condidilse,
1375 1897 1459 1941 lu—

46 1963 182 2010 strari
214 1962 420 2010 deorum
449 1964 642 2011 monitu
672 1961 901 2010 iuffusrin
930 1964 1064 2023 lacn,
1113 1964 1199 2028 qui
1239 1962 1461 2010 eiusdem

47 2032 256 2097 civitatis
292 2033 428 2080 alluit
459 2033 679 2093 moenia,
726 2050 840 2079 cum
874 2032 980 2096 post
1010 2032 1324 2080 interfectum
1354 2034 1461 2078 fra-

47 2114 174 2147 trem
196 2102 395 2149 nomine
417 2101 642 2150 Phocum
666 2099 926 2149 horrendis
958 2101 1197 2149 furiarum
1228 2102 1462 2165 imagini-

50 2170 142 2216 bus
163 2184 460 2234 raptaretur:
493 2186 540 2219 et
563 2171 798 2233 Caffium,
828 2170 916 2217 ubi
936 2169 1162 2235 Pompeii
1189 2169 1463 2236 sepulcrum

54 2239 120 2286 elt
146 2238 340 2301 Magni,
378 2253 425 2286 et
447 2239 724 2301 Ostracine,
759 2254 807 2288 et
833 2239 1183 2287 Rhinocolura.

123 2307 181 2354 In
202 2307 458 2372 Pentapoli
480 2309 635 2374 Libya
661 2310 846 2375 Cyrene
860 2309 926 2357 est
939 2308 1107 2372 pofita,
1138 2328 1196 2355 ιιι
1188 2310 1253 2354 bs
1269 2309 1464 2371 antiqua
1483 2313 1513 2368 4

9 2439 12 2441 Δ
51 2373 135 2423 sed
148 2374 352 2439 wdeserta
390 2396 534 2441 quam
549 2379 815 2442 Spartanus
836 2377 1259 2436 condiditBattus,
1282 2376 1465 2423 ‹tl'to—
1516 2387 1517 2390 ’

54 2444 249 2507 lemais,
298 2460 345 2493 et
368 2446 574 2495 Arhnoe
599 2447 868 2512 eademque
892 2446 1163 2505 Teuchira,
1202 2460 1248 2492 et
1276 2446 1463 2505 Darnis,

59 2528 106 2561 et
125 2516 166 2579 ⁴)
180 2515 433 2578 Berenice,
464 2534 582 2581 quas
606 2516 902 2582 Hesperidas
921 2515 1182 2580 adpellant.
1220 2512 1466 2561 Inficcio-
1483 2517 1512 2562 5

103 2703 163 2742 24)
195 2702 274 2737 Hae
310 2703 402 2740 duae
431 2716 538 2741 voces
574 2703 639 2742 Ms.
681 2701 819 2737 desunt.
884 2703 921 2745 ι)
947 2699 1014 2734 Ms.
1044 2700 1217 2734 Antinou.
1271 2698 1307 2741 2)
1336 2697 1404 2733 Ms.
1434 2707 1468 2733 et

60 2745 180 2793 Steplc.
208 2748 306 2799 apud
330 2753 546 2799 Hecatomp.
606 2755 648 2796 ξς)
675 2749 742 2785 ΜΓ,
773 2759 998 2809 ωειβτιῡτιηη.
1052 2748 1098 2794 4)
1123 2746 1192 2781 Ms.
1218 2745 1383 2781 Berniac.
