1727 3144
558 155 939 188 ῙιῑιιΑΝυε.
1013 142 1129 188 565.
1466 147 1577 208 579'

151 283 302 329 quam
343 266 617 313 dolendum.
710 268 838 314 Illud
871 283 1061 330 quoque
1102 268 1388 327 advertens,
1437 275 1571 335 quod

147 337 301 381 etiam
356 338 451 383 Dii
497 338 721 398 caelestes
769 337 1060 402 quibusdam
1091 338 1318 400 piiffimis
1359 351 1566 388 mortem

147 417 407 468 tamquam
416 410 671 470 summum
695 408 986 470 praemium
1008 409 1365 471 persolverunt.
1439 412 1565 457 Ma-
1589 410 1641 459 16

145 490 236 520 nus
256 485 423 522 autem
444 480 499 524 id
515 479 637 524 milii
656 478 871 524 delatum
887 479 1070 540 optime
1086 479 1223 539 scio,
1264 494 1325 523 ne
1356 477 1564 539 difficul-

145 545 328 591 tatibus
353 547 725 608 succumberem
765 549 961 608 arduis,
1019 564 1138 593 neve
1184 565 1262 593 me
1293 548 1568 610 proiiciam

143 629 386 676 umquam
417 626 504 663 aut
527 617 869 679 prosternam:
913 625 1166 680 expertus,
1215 619 1348 679 quod
1382 618 1571 663 dolores

144 698 337 746 omnes,
382 694 436 731 ut
467 687 700 747 insultant
732 686 954 746 ignavis,
1002 687 1074 731 ita
1094 686 1458 747 perssstentibus
1485 703 1568 732 ce—

143 753 280 798 dunt.
356 757 459 800 Nec
494 771 573 800 me
591 755 843 815 gestorum
859 755 1109 815 poenitet,
1151 764 1239 800 aut
1261 757 1438 818 gravis
1450 756 1569 816 fla-

136 821 255 882 gitti
275 824 553 869 recordatio
564 823 798 885 stringit,
832 825 915 869 vel
929 841 1042 869 cum
1062 824 1114 868 in
1135 823 1371 870 umbram
1399 833 1448 870 et
1468 841 1570 870 an-

136 891 278 952 gulos
295 894 638 953 amandarer‚
673 894 758 939 vel
771 893 883 954 pqst
900 894 1249 955 principatum
1259 897 1572 957 susceptum:

143 976 287 1021 quem
325 968 585 1025 tamquam
619 979 653 1008 a
683 963 971 1024 cognatione
1007 963 1236 1008 caelitum
1259 964 1571 1023 defluentem,

142 1030 520 1077 immaculatum
555 1031 627 1096 (ut
667 1032 909 1095 existimo)
948 1033 1261 1093 conservavi,
1316 1041 1366 1077 et
1405 1034 1570 1079 civilia

141 1101 444 1147 moderatius
473 1117 673 1163 regens,
724 1109 772 1145 et
798 1102 1100 1147 examinatis
1135 1100 1404 1147 rationibus
1450 1102 1571 1148 bella

143 1169 358 1227 inserens
377 1180 422 1216 et
439 1172 696 1232 repellens:
731 1171 924 1229 tametsi
936 1170 1246 1232 prosperitas
1246 1171 1410 1229 simul
1429 1173 1570 1217 utili-

139 1246 310 1299 tasque
329 1240 653 1301 consultorum
674 1255 771 1284 non
792 1238 964 1301 ubique
986 1240 1298 1297 concordent,
1333 1242 1570 1301 quoniam

141 1316 423 1368 coeptorum
445 1317 644 1356 eventus
648 1309 869 1369 fitperae
875 1309 978 1368 sibi
1009 1304 1266 1354 vindicant
1283 1310 1566 1369 potestates.

142 1379 401 1438 Reputans
421 1387 616 1433 autem,
647 1378 757 1437 iusti
775 1377 862 1439 else
874 1377 1036 1436 finem
1063 1378 1290 1438 imperii,
1331 1377 1568 1424 obedien-

140 1447 266 1491 tium
294 1450 603 1492 commodum
630 1455 677 1491 et
679 1448 893 1508 fizlutem
907 1481 922 1502 ,
959 1448 1030 1492 ad
1060 1447 1407 1508 tranquilliora
1424 1448 1569 1506 sem-

131 1532 258 1578 per,
302 1525 354 1561 ut
383 1518 557 1576 nostis,
585 1517 881 1576 propensior
907 1516 995 1576 fiii
1007 1550 1024 1571 ,
1079 1516 1328 1561 licentiam
1372 1533 1569 1563 omnem

140 1584 324 1630 actibus
363 1587 485 1632 meis
522 1585 886 1642 exterminans,
934 1600 1103 1629 rerum
1141 1586 1495 1646 corruptricem
1522 1595 1570 1633 et

143 1671 336 1700 morum
351 1672 365 1701 :
390 1656 736 1717 gaudensque,
762 1651 822 1716 ¹⁰)
846 1653 971 1698 adeo
972 1653 1140 1714 sciens
1151 1687 1166 1709 ,
1198 1656 1352 1715 quocl,
1384 1656 1436 1719 ¹¹)
1455 1654 1571 1702 ubi-

141 1739 344 1786 cumque
368 1741 446 1770 me
467 1725 594 1771 velut
621 1723 886 1785 imperiosa
908 1739 1097 1785 parens
1128 1725 1445 1782 confideratis
1467 1742 1571 1787 pe·-

141 1795 307 1839 riculis
337 1793 507 1840 obiecit
534 1809 612 1838 res
635 1791 860 1854 publica,
889 1793 1012 1853 steti
1036 1792 1312 1853 fundatus,
1355 1793 1571 1840 turbines

142 1864 335 1909 calcare
338 1864 668 1922 fortuitorum
687 1861 1015 1925 adsuefactus.
1098 1865 1200 1910 Nec
1214 1862 1381 1922 fateri
1400 1865 1568 1926 pude-

143 1932 210 1978 bit
223 1967 239 1988 ‚
273 1933 588 1978 interiturum
613 1948 691 1977 me
695 1932 844 1991 ferro
861 1931 1050 1978 'dudum
1069 1932 1223 1978 didici
1228 1932 1341 1991 fide
1344 1925 1570 1993 fatidica

135 2004 468 2064 praecinente.
538 2002 751 2063 Ideoque
752 2002 1116 2063 sempiternum
1135 2018 1344 2048 veneror
1369 2019 1570 2059 numen,

141 2073 273 2133 quod
289 2088 387 2118 non
402 2072 712 2132 clandestinis
741 2071 955 2131 insidiis,
983 2087 1070 2117 nec
1100 2073 1251 2134 longa
1282 2071 1568 2117 morborum

144 2143 434 2202 asperitate,
466 2142 548 2187 vel
568 2139 627 2204 ¹²)
646 2142 1003 2186 damnatorum
1021 2141 1134 2201 fine
1160 2143 1364 2187 decedo:
1389 2142 1491 2202 sed
1514 2141 1567 2186 in

144 2211 306 2256 medio
339 2211 476 2270 cursu
489 2210 784 2269 florentium
808 2211 1087 2272 gloriarum
1119 2211 1244 2256 lianc
1278 2210 1437 2255 merui
1454 2210 1565 2255 cla—

143 2295 257 2324 rum
291 2277 344 2342 ¹³)
365 2296 390 2323 e
425 2280 606 2324 mundo
637 2279 912 2342 digressum.
1004 2281 1177 2343 Aequo
1217 2280 1348 2324 enim
1385 2278 1564 2324 iudicio

145 2350 284 2394 iuxta
305 2349 504 2393 timidus
524 2349 591 2408 est
611 2356 658 2393 et
686 2350 922 2411 ignavus,
965 2351 1074 2414 qui,
1105 2365 1213 2395 cum
1231 2364 1328 2393 non
1357 2356 1561 2409 oportet,

145 2420 276 2463 mori
302 2419 567 2478 clest'derat:
613 2426 659 2463 et
687 2419 770 2479 qui
796 2418 1042 2482 refugiat,
1086 2411 1195 2464 cum
1212 2420 1286 2476 stt
1316 2425 1561 2477 opportu-

144 2504 280 2532 num.
360 2488 616 2534 Hactenus
644 2489 774 2549 loqui
798 2489 967 2550 vigore
1001 2489 1185 2535 virium
1211 2485 1399 2531 labente
1408 2485 1561 2546 suffi-

145 2558 259 2602 ciat.
331 2558 491 2619 Super
512 2558 814 2619 imperatore
831 2575 946 2604 vero
965 2558 1179 2602 creando
1204 2563 1342 2600 caute
1366 2555 1565 2611 reticeo,

519 2680 626 2689 ——...

155 2787 217 2833 12)
252 2787 302 2820 al.
334 2786 584 2823 delicatorum.
644 2794 698 2834 ¹3)
723 2791 774 2823 al.
802 2803 821 2823 c
849 2788 984 2822 medio.

198 2740 260 2780 10)
294 2740 363 2774 ΜΓ.
404 2751 438 2775 et
474 2742 598 2789 Sceph.
634 2741 727 2778 adeo
767 2741 892 2778 [ciens.
954 2743 1018 2790 ιι)
1048 2742 1171 2789 steph.
1202 2718 1559 2860 quodxubicunqu‘·

1592 774 1644 818 17

1592 1883 1641 1928 19

1579 2502 1638 2535 20
