1727 3144
214 133 310 177 0‘0'4
434 145 700 178 AMMIANI
750 145 1136 178 MARCELLINI
1167 145 1318 191 xxw,
1356 132 1401 179 6.

213 254 406 303 erexisse
430 256 759 319 proclamans,
794 254 985 302 classem
1005 272 1201 303 omnem
1227 273 1488 321 properare
1507 258 1615 305 citis

165 335 192 376 6
215 324 425 388 remigiis
460 323 701 387 adegiss'et.
786 325 899 379 Quo
934 322 1062 371 facto
1096 338 1144 371 et
1172 343 1315 373 naves
1345 326 1629 390 incolumes-

209 392 320 440 sunt
345 408 588 457 receptae:
634 407 681 440 et
712 391 926 440 residuus
964 393 1130 454 miles,
1167 394 1467 460 quamquam
1493 393 1616 442 saxis

213 475 258 509 et
285 462 512 510 varietate
544 463 754 508 telorum
789 480 844 508 ex
880 461 1012 509 edito
1046 477 1323 523 vexaretur,
1366 464 1471 527 post
1501 481 1616 510 con-

209 530 526 578 certationem
549 532 831 578 acerrimam
860 532 1089 594 praealtas
1110 531 1239 596 ripas
1264 545 1312 579 et
1338 532 1511 579 arduas
1540 531 1616 580 su-

163 608 191 650 7
210 599 501 663 pergressus,
543 599 696 646 stabat
725 600 1008 647 immobilis.
1088 600 1151 647 Et
1180 600 1382 647 miratur
1414 600 1616 648 historia

161 1152 188 1193 8

160 1908 187 1949 9

136 2464 187 2491 10

209 667 503 715 Rhodanum
523 687 652 715 arma
673 683 721 715 et
738 668 942 716 loricam
963 669 1199 716 retinente
1222 668 1443 717 Sertorio
1466 683 1617 717 trans-

208 751 450 783 n122tatum
483 755 595 784 cum
625 746 683 784 eo
706 751 958 785 momento
981 738 1164 784 tulbati
1192 737 1394 801 quidam
1418 738 1614 799 milites,

209 805 473 870 velinque,
534 823 594 852 ne
641 819 945 853 remanerent
995 805 1104 869 post
1148 805 1335 869 [ignum
1381 821 1614 882 erectum,

207 872 377 935 scutis,
427 892 550 938 qnae
585 874 746 938 patula
772 873 882 921 sunt
913 888 960 921 et
986 874 1211 935 incurva,
1263 874 1404 938 pioni
1427 875 1616 922 firmius

210 942 550 1003 adhaerentes,
608 959 760 1005 eaque
801 943 916 990 licet
957 942 1182 1006 imperite
1225 942 1485 1007 regendO,
1524 956 1627 1008 per

208 1029 343 1060 vora
331 1010 551 1074 ginosum
609 1027 804 1058 amnem
876 1010 1186 1059 velocitatem
1246 1012 1466 1060 comitati
1525 1011 1619 1060 fint

210 1098 255 1123 Μ’
247 1097 423 1126 lVlUIn.

307 1149 488 1194 Contra
516 1148 637 1196 haec
667 1146 838 1196 Persae
869 1147 1156 1196 obiecerunt
1195 1148 1447 1196 instructas
1491 1162 1620 1195 cata-

207 1216 524 1278 phractorum
550 1219 771 1281 equitum
792 1231 970 1264 turmas
995 1216 1059 1264 fic
1081 1216 1350 1277 confertas,
1392 1230 1448 1263 ut
1483 1216 1620 1264 Iami-

207 1285 280 1331 nis
304 1286 514 1350 coaptati
539 1304 806 1350 corporum
829 1288 980 1333 flexus
1011 1285 1270 1349 splendore
1304 1285 1620 1349 praestringe-

207 1368 315 1401 rent
338 1353 642 1402 occursantes
659 1357 878 1412 obtutus,
906 1354 1222 1418 operimentis
1245 1353 1447 1402 scorteis
1467 1371 1618 1417 equo-

208 1442 316 1469 rum
339 1424 653 1471 multitudine
674 1425 808 1471 omni
834 1422 1054 1470 defensa:
1089 1440 1301 1488 quorum
1324 1423 1372 1468 in
1393 1421 1617 1469 sublidiis

208 1492 445 1555 manipuli
465 1494 611 1539 locati
630 1491 741 1539 sunt
760 1491 1006 1556 peditum,
1037 1492 1252 1540 contecti
1274 1490 1421 1538 scutis
1446 1491 1622 1539 oblon-

211 1560 283 1623 gis
318 1576 363 1607 ct
390 1562 577 1620 curvis,
620 1564 660 1626 ⁴)
683 1580 805 1625 quae
835 1575 962 1609 texta
991 1560 1172 1609 vimine
1206 1573 1253 1608 et
1283 1560 1430 1607 coriis
1452 1559 1617 1607 crudis

209 1629 466 1690 gestantem,
504 1629 694 1677 densius
713 1629 761 1678 se
782 1630 1176 1677 commovebant.
1258 1628 1372 1678 Post
1404 1628 1497 1693 hos
1525 1628 1620 1676 ele-

209 1698 380 1759 phanti
410 1698 736 1761 gradientium
774 1699 976 1746 collium
1013 1698 1199 1762 specie,
1254 1712 1493 1762 motuque
1530 1697 1621 1743 im-

207 1766 423 1813 manium
454 1785 718 1830 corporum
748 1768 1195 1833 propinquantibus
1225 1767 1428 1814 exitium
1460 1766 1618 1814 inten-

207 1833 397 1889 tabant,
429 1834 735 1883 documentis
758 1836 1029 1901 praeteritis
1061 1835 1328 1883 formidati.

308 1902 437 1948 Hinc
468 1903 743 1967 {inperator
777 1906 981 1952 catervis
1021 1903 1245 1968 peditum
1281 1903 1490 1950 infirmis
1519 1918 1618 1950 me-

209 1969 346 2017 dium
378 1972 503 2018 inter
558 1972 684 2018 acies
721 1972 931 2034 spatium
978 1969 1246 2018 secundum
1299 1970 1619 2018 Homericam

207 2039 576 2102 dispolitionem
605 2040 898 2103 praestituit,
941 2057 1002 2086 ne
1026 2039 1174 2086 locati
1198 2037 1621 2104 pri01·es‚fceden-

208 2122 376 2169 tesque
412 2107 697 2155 deformiter
729 2121 932 2156 cunctos
973 2121 1245 2155 averterent
1293 2107 1479 2168 secum,
1535 2120 1621 2155 aut

205 2175 498 2240 postligna'ni
543 2193 671 2240 pone
725 2194 893 2223 omnes
949 2176 1117 2224 reiecti
1161 2176 1432 2237 centurias,
1478 2177 1619 2224 nullo

206 2247 241 2308 ⁵)
261 2245 515 2304 retinente,
547 2244 771 2292 licentius
793 2258 1036 2294 verterent
1054 2259 1209 2308 terga:
1242 2244 1344 2311 ipse
1364 2264 1479 2292 cum
1495 2245 1617 2292 levis

206 2327 475 2361 armaturae
512 2313 700 2362 auxiliis
731 2331 819 2379 per
858 2315 1015 2379 prima
1049 2313 1388 2379 postremaque
1430 2312 1619 2361 discur-

210 2400 336 2429 l‘CssS.

301 2451 431 2514 Ergo
452 2451 540 2498 ubi
566 2449 765 2498 viciffim
792 2450 1050 2513 contiguae
1072 2448 1119 2498 sc
1150 2447 1403 2498 cernerent
1435 2463 1613 2514 partes,

218 2518 409 2566 :ristatRs
439 2520 586 2584 galeis
619 2517 807 2567 corusci
853 2518 1088 2581 Romani,
1142 2520 1482 2584 vibrantesque
1519 2520 1616 2586 ely-

221 2641 488 2671 -—--r-

250 2706 289 2746 4³
320 2703 387 2738 ΜΓ.
419 2718 509 2754 quae
537 2715 629 2742 tecta
656 2705 787 2741 vimine
823 2714 858 2742 et
886 2705 992 2742 coriis
1021 2705 1143 2743 crudis
1169 2704 1355 2754 gestantes.
1403 2706 1453 2751 5)
1489 2704 1613 2750 Steph-

204 2759 391 2785 1011ἱίοΠῑῶ
