1727 3144
204 129 303 174 454
442 143 708 178 ΑΜΜΙΑΝΙ
743 144 1132 178 MARCELLINI
1165 147 1326 190 xxvn,
1376 147 1449 177 10.

208 268 322 313 rex,
353 251 640 305 Vadomarii
661 254 814 315 filius,
850 252 1010 321 speeie
1035 255 1238 319 quidem
1259 256 1538 303 molliculus
1570 268 1619 303 et

207 319 487 383 morbosus,
534 321 618 369 sed
639 323 794 371 audax
816 338 862 370 et
881 322 1046 384 fortis,
1082 323 1282 372 ardores
1302 325 1352 370 iu
1376 343 1464 371 nos
1499 323 1620 371 sem-

209 407 296 454 per
324 389 637 445 succenderet
666 393 893 451 bellicos,
950 410 1097 456 opera
1132 395 1397 442 navabatur
1432 394 1624 457 impen-

159 453 188 507 4
209 458 327 521 fior,
356 475 411 507 ut
433 461 650 525 qualibet
671 462 985 509 occumberet
1004 461 1169 527 strage.
1246 462 1303 508 Et
1326 463 1437 526 quia
1475 477 1622 509 tenta-

209 542 286 575 tus
305 529 597 593 aliquotiens
616 531 752 577 nullo
773 548 947 594 genere
968 533 1130 595 potuit
1157 531 1370 596 superari
1402 532 1477 578 vel
1513 549 1623 594 pro-

213 596 291 658 di,
335 598 506 645 fraude
535 599 775 647 citerioris
809 599 931 647 vitae
972 600 1202 661 ministri,
1246 599 1407 648 studio
1447 598 1624 646 sollici-

210 679 341 714 tante
366 667 641 715 nostrorum
663 669 917 716 occubuit:
950 669 1088 717 cuius
1119 670 1224 735 post
1243 687 1423 716 necem
1444 670 1625 733 aliqua-

212 748 351 783 tenus
410 736 606 784 hostiles
676 752 906 802 torpuere
964 736 1230 785 discursus.-
1331 738 1625 785 Interfector

214 817 375 851 tamen
414 824 530 869 prae
570 821 705 854 metu
746 824 1041 871 poenarum,
1092 827 1210 872 quas
1252 808 1537 866 verebatur,
1590 805 1626 854 fi

154 921 156 924 ,
211 873 436 935 ‘patuisset
464 878 741 937 negotium,
785 875 846 922 ad
874 875 1149 926 Romanuin
1190 875 1349 924 solum
1388 873 1436 922 se
1478 874 1627 922 celeri

216 944 460 988 transtulit
487 943 654 1005 gradu.
740 952 743 957 “

166 1007 195 1052 5
313 1010 580 1057 Parabatur
627 1012 733 1075 post
778 1011 901 1058 haec
945 1011 1237 1058 lentioribus
1278 1012 1406 1058 euris
1449 1026 1496 1058 et
1538 1027 1626 1072 per

213 1079 380 1140 copias
412 1079 735 1126 multiformes
769 1079 818 1125 in
852 1080 1147 1126 Alamannos
1189 1080 1437 1143 expeditio
1476 1079 1627 1125 solitis

213 1147 430 1209 gravior,
497 1146 775 1199 destinatius
824 1147 876 1194 id
929 1149 1125 1212 publica
1182 1149 1332 1195 tutela
1381 1148 1627 1212 poscente,

213 1215 447 1278 quoniam
468 1218 863 1281 reparabilisge‘n
873 1218 930 1264 tis
953 1231 1114 1267 motus
1139 1217 1435 1264 timebantur
1456 1216 1598 1262 infidi
1617 1234 1626 1262 ε

211 1283 368 1332 milite
388 1283 708 1333 nihilominus
733 1285 960 1346 accenso,
993 1286 1073 1334 cui
1096 1287 1160 1334 ob
1186 1285 1431 1350 suspectos
1455 1303 1627 1332 eorum

212 1370 375 1401 mores
394 1391 407 1415 ,
440 1372 572 1403 nunc
592 1355 879 1403 infimorum
904 1369 950 1402 et
983 1354 1285 1420 supplicum,
1328 1355 1493 1418 paullo
1523 1353 1629 1418 post

213 1421 385 1487 ultima
437 1424 795 1487 minitantium,
847 1425 1009 1475 nullae
1058 1423 1342 1490 quiescendi
1387 1424 1629 1470 dabantur

216 1489 451 1539 indutiae.

169 1555 198 1599 6
323 1560 584 1609 Contracta
603 1560 753 1625 igitur
771 1559 992 1625 undique
1019 1559 1150 1608 mole
1185 1560 1391 1608 maxima
1420 1573 1633 1607 caterva-⁹

217 1648 357 1690 rum,
408 1629 553 1683 armis
585 1643 632 1677 et
659 1629 883 1676 sublidiis
923 1631 991 1682 rei
1027 1630 1240 1684 cibariae
1270 1629 1529 1692 diligenter
1560 1629 1634 1674 in-

215 1698 420 1757 structa,
470 1699 726 1763 accitoque
758 1699 1042 1747 Sebastiano
1074 1699 1267 1746 Comite
1297 1717 1410 1746 eum
1452 1696 1632 1762 illyriis

218 1780 265 1813 et
286 1767 467 1814 Italicis
487 1768 701 1817 numeris
715 1805 727 1828 ,
757 1785 880 1833 quos
902 1767 1124 1831 regebat,
1158 1768 1272 1814 anni
1290 1782 1514 1831 tempore
1534 1766 1629 1817 iam

217 1834 258 1898 2)
288 1844 482 1897 tepente
535 1837 908 1883 Valentinianus
959 1855 1074 1883 cum
1123 1837 1359 1884 Gratiano
1405 1835 1633 1882 Rhenum

219 1904 256 1968 ³)
282 1902 590 1965 transgressus
622 1904 863 1951 resistente
894 1905 1114 1966 nemine,
1162 1904 1326 1953 divisis
1354 1902 1631 1968 agminibus

219 1970 469 2036 quadratis
483 1970 585 2035 ipse
607 1970 797 2018 medius
817 1971 1120 2032 incedebat,
1147 1973 1330 2021 Iovino
1367 1986 1414 2018 et
1445 1973 1629 2018 Severo

219 2040 456 2103 magistris
486 2039 557 2087 rei
596 2039 838 2087 castrenlis
886 2037 1166 2091 altrinsecus
1211 2040 1442 2088 ordinum
1480 2040 1631 2086 latera

221 2109 552 2170 servantibus,
601 2125 662 2155 ne
716 2107 973 2172 repentino
1028 2106 1370 2157 invaderentur
1421 2106 1627 2154 adsultu.

175 2183 204 2227 7
222 2177 550 2242 Protinusque
579 2176 693 2228 inde
715 2176 1026 2228 ductantibus
1048 2176 1280 2224 itinerum
1304 2176 1517 2237 callidis,
1555 2194 1632 2224 ex-

224 2246 425 2310 ploratis
448 2245 731 2307 accessibus,
761 2263 848 2310 per
869 2246 1091 2307 regiones
1107 2247 1257 2310 longo
1285 2246 1358 2293 itu
1386 2258 1631 2310 porrectas

221 2314 392 2368 senfim
412 2314 635 2379 gradiens
659 2316 797 2367 miles
819 2314 1053 2361 irritatior
1073 2314 1136 2364 ad
1159 2314 1500 2379 pugnandum,
1535 2314 1632 2361 vel-

224 2399 278 2431 ut
299 2384 503 2447 repertis
525 2384 741 2432 barbaris
762 2382 1016 2430 minaciter
1036 2384 1360 2432 infrendebat.
1432 2383 1493 2429 Et
1510 2399 1631 2446 quo-

223 2454 355 2500 niam
378 2454 566 2517 aliquot
590 2453 761 2501 diebus
795 2451 995 2500 emenlis
1026 2453 1186 2501 nullus
1225 2452 1412 2518 potuit,
1451 2451 1535 2516 qui
1561 2468 1633 2497 re-

224 2520 430 2579 sisteret,
458 2523 682 2584 inveniri,
719 2535 892 2570 cuncta
913 2519 1127 2568 satorum
1149 2536 1196 2570 et
1217 2536 1475 2580 tectorum,
1511 2535 1634 2582 quae

226 2590 501 2640 visebantur
528 2592 735 2655 intacta,
784 2589 1066 2639 cohortium
1097 2609 1246 2639 manu
1274 2607 1421 2639 vorax
1440 2591 1633 2655 flamma

237 2700 270 2708 0-
277 2703 350 2708 ,οω-

597 2704 824 2713 -ῃη-

277 2755 311 2797 12)
343 2753 407 2787 ΜΓ.
439 2764 586 2792 terente.
643 2759 678 2802 3)
703 2755 771 2791 ΜΓ.
801 2756 1067 2798 transtibusque
1095 2757 1277 2791 mammem
1308 2753 1435 2793 divisis,
