1727 3144
1126 94 1152 124 ὓ

218 151 342 186 XXIV
590 149 748 183 1Ac.
822 152 1302 185 GRONOVII

189 284 194 295 ·
223 275 410 320 careat-3
445 261 723 326 pariterque
746 260 933 323 causas,
973 263 1150 328 quibus
1172 281 1261 327 ego
1294 261 1356 310 ad
1375 261 1502 310 haue
1524 261 1625 317 edi-

225 331 409 377 tionem
443 346 751 395 comparatus
782 331 866 376 fui.
949 331 1049 379 Sed
1087 346 1274 395 praeter
1310 332 1432 379 haec
1471 335 1653 396 quumf

227 397 400 446 scirem
431 399 562 447 hunc
595 399 683 446 else
714 401 909 463 genium
950 401 1214 464 postremae
1246 399 1501 461 editionis,
1544 400 1629 449 cui.

227 467 354 514 nihil
379 468 507 514 aliud
533 483 786 532 acceptum
810 469 977 514 referri
1002 469 1152 533 potest
1168 506 1180 529 ,
1211 469 1299 515 uili
1321 483 1461 516 aucta
1494 486 1628 516 com-

229 537 461 583 mentaria
486 537 814 584 maximorum
836 538 1078 599 virorum,
1118 537 1442 601 Lindebrogii
1468 551 1515 584 et
1533 538 1631 585 Va·
1684 555 1694 562 ·

228 605 328 651 lefii
344 643 356 664 ‚
395 620 441 652 et
465 606 698 669 quasdam
716 607 869 652 bonas
891 604 1214 654 restitutiones
1235 625 1290 653 ex
1319 606 1491 653 codice
1521 606 1632 654 Col-

230 674 451 730 ben-tium
502 689 548 721 et
576 689 737 722 tamen
767 674 1055 729 Ammianus
1088 675 1128 722 is
1166 674 1302 736 efflet,
1358 675 1443 740 qui
1484 674 1631 721 etiam

230 757 421 806 praeter
446 741 661 793 Valefios
684 745 842 790 fuerat
863 743 1118 807 diligenter
1139 745 1290 792 lectus
1311 744 1370 790 ab
1397 743 1501 792 aliis
1527 761 1634 790 cru-

235 810 472 859 ditissimis
502 811 814 873 hominibus,
859 813 935 859 vel
961 813 1243 876 aequalibus
1276 813 1353 860 vel
1373 830 1543 859 eorum
1564 810 1633 860 vi-

233 893 333 926 tam
365 899 657 945 quacunque
688 895 823 945 paite
855 882 1191 945 tangentibus,
1241 899 1364 946 quos
1391 881 1442 927 in
1473 898 1635 928 exem-

232 949 357 1025 pla-ii
382 968 492 996 meo
527 964 834 1010 notaveram·
874 948 975 1014 ipsa
1009 949 1248 1008 dulcedo,
1292 969 1475 1015 quam
1463 948 1633 996 studiis

231 1018 352 1064 meis
382 1017 542 1065 attulit
572 988 887 1079 Ammiamis,
930 1018 1031 1084 ipsa
1061 1018 1344 1084 piopf‘nfio,
1385 1037 1480 1082 qua
1503 1017 1636 1065 Am—

231 1086 449 1132 mianum
484 1101 529 1134 et
556 1087 710 1133 studia
740 1087 1007 1153 prolequor
1021 1125 1034 1148 ,
1074 1089 1314 1151 compulit
1335 1105 1412 1134 me
1436 1085 1636 1150 piolpi-

234 1172 370 1214 cere,
401 1170 455 1201 ut
479 1156 553 1202 vel
578 1156 737 1221 aliqua
759 1156 922 1204 l'altem
949 1171 1082 1220 parte
1105 1155 1376 1220 prodeffem
1409 1155 1637 1201 Ammia-

234 1240 326 1281 no,
373 1225 449 1283 vel
485 1224 547 1270 ad
576 1225 677 1271 eius
711 1226 917 1288 cogitata
953 1239 1034 1271 aut
1062 1224 1235 1289 scripta
1261 1225 1494 1271 lectorem
1515 1223 1637 1271 locis

235 1291 532 1355 quibusdam
554 1311 849 1340 revocarem.
921 1294 1079 1340 Etiam
1098 1294 1198 1357 ipl'e
1226 1294 1409 1340 fueram
1433 1292 1639 1355 diligens

237 1373 284 1406 et
314 1374 522 1407 attentus
563 1360 612 1406 in
654 1361 1038 1408 consideratione
1076 1361 1371 1420 lectionum,
1421 1378 1544 1424 quae
1581 1379 1639 1406 ex

235 1427 431 1475 MSStis
461 1443 596 1475 erant
627 1429 857 1492 prolatae.
941 1429 1012 1477 Ex
1046 1429 1122 1475 his
1164 1427 1365 1474 sustinui
1405 1429 1639 1475 nonnulla

235 1495 333 1543 suis
365 1498 485 1544 locis
520 1496 806 1560 adspergere
844 1498 1042 1557 lectori,
1092 1512 1145 1543 ut
1173 1498 1337 1561 spero,
1392 1497 1552 1543 futura
1593 1510 1642 1545 et.

235 1566 514 1629 probabilia
537 1580 583 1612 et
605 1579 882 1627 opportuna
904 1579 950 1611 et
970 1565 1198 1610 iucunda.
1278 1565 1522 1629 Equidem
1545 1585 1644 1612 ma-

238 1651 452 1697 gnopere
497 1632 755 1696 optall'em‚
817 1647 871 1679 ut
909 1632 968 1679 ad
1009 1632 1331 1696 Lindebrogii
1369 1634 1644 1697 exemplum

237 1700 502 1766 potuissent
523 1702 583 1749 ab
608 1700 703 1748 sese
727 1702 986 1765 impetrare
1004 1701 1208 1760 Valefii‚
1246 1716 1300 1747 ut
1321 1700 1524 1750 similem
1550 1704 1645 1750 Va-

240 1770 421 1817 riarum
452 1771 742 1830 lectionum,
789 1789 906 1834 quas
935 1789 990 1817 ex
1022 1784 1095 1816 tot
1132 1769 1477 1817 collationibus
1518 1785 1645 1818 vete-

239 1857 349 1886 rum
373 1840 720 1903 exemplarium
740 1840 1071 1899 contulerant,
1107 1838 1319 1903 syllogen
1349 1853 1395 1885 et
1428 1838 1644 1887 indicem

244 1924 438 1956 exarare
467 1907 746 1968 voluiss'ent,
791 1922 844 1954 ut
879 1907 1020 1954 facile
1054 1908 1187 1954 sactu
1228 1907 1322 1953 illis
1366 1907 1474 1954 fuit.
1566 1908 1646 1954 Est

244 1976 375 2023 enim
409 1976 458 2022 in
492 1976 636 2023 buius
679 1977 887 2024 auctoris
932 1976 1141 2039 antiquis
1181 1974 1439 2022 codicibus
1476 1975 1642 2024 eadem

242 2045 394 2105 ratio,
433 2064 578 2110 quam
600 2043 849 2092 observavi
879 2045 930 2091 in
960 2045 1272 2109 epistolarum
1304 2045 1554 2092 Ciceronis
1583 2044 1646 2091 ad

242 2112 466 2161 Atticum
499 2113 815 2172 vetustiffimis
860 2128 909 2161 et
948 2112 1229 2164 fideliffimis
1273 2113 1644 2177 exemplat-ihm,

241 2177 307 2227 ut‘
326 2190 424 2229 non
456 2181 652 2229 turbide
682 2200 769 2246 per
798 2183 1044 2230 variorum
1074 2181 1333 2228 hominum
1367 2181 1648 2229 hariolatio-

244 2268 332 2297 nes
361 2251 411 2297 in
441 2249 624 2298 diversa
664 2252 797 2297 velut
836 2250 1113 2315 portentosa
1150 2250 1338 2297 ludicra
1377 2249 1647 2312 discedant,

244 2318 329 2366 sed
362 2321 462 2367 fere
494 2318 822 2376 consentiant,
861 2333 909 2367 et
937 2318 1089 2383 press'e
1121 2318 1357 2366 retineant
1377 2316 1648 2365 fimilitudi-

244 2405 358 2434 nem
381 2387 563 2452 priscae
588 2387 837 2448 lectionis,
868 2387 1085 2435 simulata
1120 2405 1203 2451 per
1228 2385 1462 2433 summam
1494 2385 1647 2434 fidem
1699 2446 1711 2453 ’Δ

246 2455 520 2506 imitatione
558 2456 731 2504 veteris
770 2454 1060 2520 scripturae,
1109 2455 1225 2502 licet
1265 2454 1367 2502 eius
1410 2454 1646 2502 sententia

247 2522 486 2587 peiiiffet3
533 2523 663 2572 unde
694 2542 943 2588 nunquam
977 2523 1223 2584 dubitavi,
1269 2522 1387 2588 quin
1407 2521 1543 2587 quod
1569 2540 1646 2569 v(-

249 2611 351 2638 ram
388 2611 557 2640 eorum
588 2593 673 2658 qui
703 2591 995 2656 se'-‹riple1unt
1021 2610 1219 2639 minum
1253 2608 1353 2639 non
1382 2590 1648 2638 habeamus

247 2678 337 2707 nec
370 2661 670 2726 alloquamur
682 2698 696 2722 ‚
733 2678 832 2708 non
865 2661 1001 2708 altcii
1032 2659 1200 2708 causae
1230 2658 1284 2706 id
1315 2659 1514 2706 attribui
1550 2657 1646 2706 de—
1714 2708 1721 2716 x

246 2728 384 2789 beau,
432 2748 579 2794 quam
606 2730 932 2780 imbecillitati
964 2729 1178 2792 nostrae,
1221 2746 1344 2794 quae
1372 2742 1454 2781 aut
1478 2727 1648 2776 iustam
