1727 3144
211 138 274 183 56
419 151 694 187 Amnum
725 151 1121 188 Miner-,cmm
1189 153 1286 200 xv,
1325 141 1370 185 5.

208 261 367 309 batur.
448 262 672 328 Diligens
706 263 836 311 enim
874 281 1023 328 opera
1059 264 1324 312 navabatur
1360 263 1614 311 Silvanum

213 330 479 394 exstingui,
522 346 576 379 ut
606 333 914 380 fortiffimum
944 331 1272 396 perduellem:
1310 347 1392 379 aut
1421 331 1457 380 fi
1482 329 1616 380 secus

213 398 483 462 accidiffet,
514 401 790 449 Ursicinum
812 402 1139 448 exulceratum
1160 401 1256 448 iam
1277 402 1469 466 penitus
1503 401 1620 447 abo-

213 468 329 529 leri,
372 487 432 517 ne
471 468 728 535 supereffet
770 470 1021 535 scrupulus
1060 470 1313 534 impendio
1353 467 1624 517 formidan-

149 537 323 586 2odus.
396 538 574 601 Igitur,
607 558 718 586 cum
744 538 804 586 de
838 539 1142 604 profectione
1171 537 1426 586 celeranda
1459 537 1624 602 dispo-

215 621 436 667 nei-etur,
501 606 917 672 propulsationem
993 608 1303 655 obiectorum
1360 607 1624 655 criminum

217 675 445 722 eumdem
492 676 669 724 ducem
720 691 996 741 parantem,
1049 676 1346 742 praegress'us
1402 675 1624 723 oratione

218 744 318 791 leni
355 744 589 808 prohibet
637 746 935 810 Imperator,
985 763 1086 793 non
1125 744 1180 793 id
1218 744 1309 793 effe
1345 761 1624 792 memorans

217 825 437 876 tempus,
484 827 538 860 ut
568 813 879 862 controversa
915 814 1130 862 defensio
1163 814 1329 862 causae
1358 814 1626 877 suscipere-

219 894 324 941 tur,
370 901 484 928 cum
514 883 715 931 viciffim
745 884 928 931 restitui
957 884 1009 930 iu
1038 883 1285 948 pristinam
1306 881 1625 931 concordiam

221 964 382 1012 partes
416 951 660 999 neceffitas
686 949 930 1015 subigeret
960 953 1239 1016 urgentium
1266 970 1453 1012 rerum,
1498 965 1628 998 ante-

154 1042 207 1072 21
225 1037 371 1082 quam
400 1019 659 1081 cresceret,
692 1022 972 1069 mollienda.
1057 1021 1237 1068 Habita
1262 1021 1412 1084 igitur
1446 1018 1630 1067 delibe-

222 1087 411 1135 ratione
460 1090 750 1154 multiplici,
802 1089 1099 1155 potiffimum
1152 1091 1474 1150 tractabatur,
1529 1105 1628 1153 quo

223 1171 504 1204 commento
540 1159 763 1208 Silvanus
794 1158 856 1224 ²⁶)
895 1159 1020 1224 gesta
1068 1159 1321 1205 etiamtum
1362 1158 1633 1222 Imperat&-

224 1241 329 1271 rem
359 1225 582 1288 ignorare
613 1228 914 1277 existimaret.
996 1227 1058 1273 Et
1078 1226 1324 1290 probabili
1345 1239 1631 1289 argumento

226 1291 289 1340 ad
321 1294 611 1341 firmandam
645 1294 796 1342 fidem
825 1310 1049 1359 reperto,
1092 1308 1319 1342 mouetur
1345 1294 1633 1342 honorificis

225 1359 443 1425 scriptis,
476 1377 530 1409 ut
553 1377 756 1428 accepto
778 1362 1004 1413 Ursicino
1032 1360 1322 1423 succeffore,
1357 1381 1469 1412 cum
1500 1376 1636 1427 pote-

159 1441 218 1473 22
231 1429 345 1479 state
368 1430 549 1479 rediret
569 1432 764 1480 intacta.
844 1431 955 1480 Post
987 1431 1107 1478 haee
1139 1432 1206 1478 ita
1237 1430 1441 1495 digesta,
1483 1431 1636 1496 proti-

228 1517 317 1546 nus
344 1499 541 1551 iubetur
565 1502 721 1562 exire,
756 1500 966 1548 tribunis
988 1514 1035 1548 et
1065 1500 1126 1565 ²⁷)
1156 1500 1517 1564 protectoribus
1548 1499 1635 1548 do·

226 1568 437 1616 mesticis
460 1569 659 1629 decem,
692 1583 748 1617 ut
768 1569 1052 1632 postularat,
1087 1568 1150 1615 ad
1180 1569 1412 1618 iuvandas
1444 1568 1638 1617 neceffi-

229 1648 350 1682 tates
372 1636 435 1701 ²⁸)
460 1638 681 1700 publicas
700 1637 743 1683 ei
765 1636 1064 1683 coniunctis:
1105 1636 1231 1683 inter
1255 1656 1379 1702 quos
1403 1656 1492 1701 ego
1517 1655 1638 1702 quo-

232 1720 327 1766 que
351 1722 480 1752 eram
506 1724 620 1755 cum
636 1706 699 1770 ²⁹)
721 1705 989 1752 Veriniano
1008 1704 1194 1767 collega
1212 1723 1224 1764 ·,
1261 1705 1436 1753 refidui
1458 1706 1517 1771 ³0)
1536 1725 1640 1754 om-

165 1788 221 1829 23
234 1789 317 1819 nes
337 1774 606 1839 propinqui
620 1789 666 1822 et
687 1774 960 1821 familiares,
1032 1773 1234 1838 Iamque
1253 1791 1365 1822 eum
1386 1774 1638 1838 egreffum,

230 1837 390 1888 solum
425 1841 486 1890 de
521 1843 569 1891 se
601 1857 819 1893 metuens
852 1843 1060 1907 quisque
1093 1859 1180 1906 per
1213 1841 1358 1907 longa
1382 1842 1530 1907 spatia
1557 1843 1639 1890 de-

236 1908 461 1959 ducebat.
543 1912 607 1959 Et
636 1930 932 1976 quamquam
969 1925 1025 1958 ut
1059 1911 1269 1959 bestiarii
1310 1912 1640 1961 obiiceremur

232 1976 625 2027 intractabilibus
647 1981 791 2040 feris,
826 1979 1180 2044 perpendentes
1212 1976 1399 2038 tamen,
1433 1981 1528 2028 hoc
1552 1982 1640 2028 bo·

186 2089 189 2093 .
235 2064 355 2093 num
383 2047 566 2096 habere
596 2049 744 2097 tristia
773 2048 824 2112 ³¹)
863 2047 1228 2113 praecedentia,
1274 2049 1410 2114 quod
1438 2050 1489 2096 in
1516 2049 1637 2098 locis

235 2112 332 2162 suis
369 2114 577 2164 secunda
608 2118 666 2182 3²)
697 2116 1012 2177 substituunt,
1049 2117 1346 2165 mirabamur
1374 2119 1508 2165 illam
1539 2116 1641 2166 sen-

240 2184 442 2232 teutiam
476 2185 780 2247 Tullianam,
826 2203 882 2234 ex
913 2186 966 2251 ³³)
995 2186 1196 2233 internis
1239 2187 1453 2234 veritatis
1493 2185 1641 2252 ipfius

240 2251 300 2316 ³⁴)
339 2254 717 2318 promulgatam,
776 2272 897 2319 quae
932 2255 998 2305 est
1041 2255 1172 2303 talis:
1238 2260 1302 2305 Et
1340 2273 1643 2319 quamquam

239 2324 579 2384 optcctffmum
592 2325 674 2384 est,
706 2324 758 2387 ³⁵)
759 2334 1000 2386 perpetuo
1008 2326 1435 2388 jbrtmzamquam
1439 2327 1642 2386 floren-

237 2391 463 2452 tffnzam
488 2410 786 2457 permanere
797 2411 816 2454 5
859 2396 941 2442 illa
969 2402 1135 2443 tamen
1164 2395 1483 2459 aequabilitas
1508 2399 1644 2444 vitae

286 2576 350 2616 26)
374 2575 442 2612 Ms.
481 2576 578 2622 gesto
610 2578 716 2613 etiam
749 2588 824 2613 tum
863 2579 913 2612 Im
946 2589 1082 2614 oratore
1122 2593 1195 2615 rem
1233 2580 1305 2625 ign.
1355 2584 1413 2620 27)
1442 2580 1494 2614 al.
1522 2581 1643 2614 Prote·

243 2628 364 2671 «ζωῇ-ς.
385 2623 624 2659 Domesticos.
675 2626 734 2668 28)
761 2625 811 2658 al.
842 2625 914 2672 pub
935 2627 1005 2659 icas
1030 2627 1146 2660 lecum
1177 2625 1286 2659 duxit.
1336 2626 1443 2659 Inter.
1494 2632 1553 2673 29)
1571 2626 1639 2663 ΜΓ.

247 2666 451 2703 letiniano.
523 2675 584 2713 30)
621 2682 744 2704 omnes
782 2697 789 2704 .
825 2696 832 2704 .
873 2697 880 2705 .
920 2672 994 2712 (laic
1029 2674 1165 2705 lacuna
1203 2672 1349 2706 mediae
1383 2673 1519 2712 lineae)
1556 2699 1563 2706 .
1595 2698 1602 2706 .
1631 2699 1640 2709 .

241 2710 399 2757 Iamque.
453 2717 512 2755 31)
540 2715 606 2749 ΜΓ.
634 2716 842 2751 recidentia.
900 2720 959 2760 32)
981 2718 1047 2751 ΜΓ.
1083 2717 1295 2752 substituunt
1322 2744 1329 2751 .
1365 2743 1371 2750 .
1409 2744 1415 2751 .
1455 2744 1461 2750 .
1489 2718 1642 2753 miraba-

242 2768 334 2792 mur·
389 2760 541 2806 53221s.
573 2763 737 2799 aeternis.
787 2771 847 2810 34)
872 2762 995 2809 Adytis
1012 2763 1079 2800 Ms.
1109 2763 1218 2802 deest.
1263 2770 1329 2813 35)
1350 2764 1401 2800 al.
1429 2774 1619 2812 perpetuo.
1689 2804 1703 2812 Ι
