1727 3144
219 135 671 169 VALENT1N1AN.
709 134 784 165 ΕΤ
822 134 1073 168 VALENs,
1145 126 1259 171 566.
1388 125 1482 170 451

82 267 173 297 nec
202 246 445 295 veridicae
471 246 615 294 nobis
641 241 951 313 antiquitates
979 260 1243 312 exponunt.
1315 249 1488 297 Paullo

78 317 210 366 enim
230 316 338 382 post
359 315 482 363 lucis
504 329 743 378 exortum,
777 315 1007 364 densitate
1028 316 1223 380 praevia
1241 317 1489 381 fulgurum

77 384 234 435 acrius
260 386 563 433 vibratorum
584 385 866 433 tremefacta
895 385 1174 434 concutitur
1208 386 1366 433 omnis
1397 401 1490 433 ter-

82 455 187 503 reni
208 455 438 502 stabilitas
469 453 728 518 ponderis,
782 472 1009 519 mareque
1049 453 1318 519 dispulsum
1358 469 1489 505 retro

12 534 15 536 '
76 524 308 573 fluctibus
329 524 534 571 evolutis
557 523 775 570 abscellit
785 560 802 581 ,
843 535 899 570 ut
928 537 1110 571 retecta
1126 525 1357 588 voragine
1379 541 1490 588 pro-

77 593 363 653 fundorum,
394 591 578 657 species
601 593 870 640 natantium
892 594 1216 641 multiformes
1239 588 1359 641 linio
1389 611 1490 640 ccr-

79 674 311 709 nerentur
337 662 619 709 haerentes:
689 661 987 725 valliumque
1013 661 1253 710 vastitates
1285 676 1333 710 et
1352 679 1491 709 mon-

79 731 202 777 tium
222 745 365 791 tunc,
404 743 459 776 ut
498 728 689 792 opinari
719 727 952 790 dabatur,
990 728 1288 794 suspicerent
1326 730 1490 778 radios

75 798 217 860 solis,
264 816 387 862 quos
416 796 707 860 primigenia
738 814 900 844 rerum
919 796 1008 844 sub
1028 798 1271 846 immensis
1292 801 1491 864 gurgiti-

78 869 170 915 bus
206 865 496 914 amandavit.
577 864 747 911 Multis
776 864 925 930 igitur
956 868 1164 915 navibus
1193 869 1326 915 velut
1353 868 1489 916 arida

77 937 233 983 humo
259 934 506 995 connexis,
541 947 588 981 et
605 934 808 981 licenter
826 953 915 999 per
936 937 1134 1000 exiguas
1153 937 1397 985 undarum
1418 958 1491 986 re-

73 1006 252 1069 liquias
274 1003 551 1068 palantibus
572 1002 816 1067 plurimis,
847 1017 904 1067 ut
928 1004 1082 1068 pisces
1105 1007 1330 1052 manibus
1354 1008 1489 1054 colli-

78 1089 247 1139 gerent
278 1087 325 1120 et
353 1072 555 1119 fimilia:
600 1071 775 1118 marini
801 1072 1023 1119 fremitus
1048 1074 1180 1121 velut
1209 1077 1391 1137 gravati
1418 1094 1489 1124 ΓΕ·

76 1132 288 1208 pulsam,
319 1141 452 1190 versa
474 1142 579 1188 vice
601 1140 924 1204 consurgunt,
956 1160 1142 1208 perque
1161 1142 1282 1190 vada
1301 1145 1489 1192 ferven-

76 1212 143 1259 tia
164 1211 327 1259 insulis
359 1225 406 1258 et
435 1209 729 1258 continentis
763 1223 919 1257 terrae
942 1212 1178 1274 porrectis
1197 1211 1362 1276 spatiis
1387 1214 1488 1261 vio-

76 1282 234 1329 lenter
263 1280 399 1341 illili,
443 1279 697 1325 innumera
726 1279 966 1344 quaedam
998 1281 1049 1327 in
1080 1281 1384 1343 civitatibus,
1438 1297 1488 1331 et

78 1350 167 1397 ubi
196 1363 387 1413 reperta
417 1347 527 1394 sunt
555 1346 800 1407 aedificia,
837 1349 1236 1413 complanarunt:
1278 1351 1486 1415 proinde

76 1433 133 1466 ut
166 1419 520 1466 elementorum
544 1417 736 1464 furente
769 1417 1039 1479 discordia,
1087 1419 1306 1467 involuta
1338 1421 1485 1468 facies

75 1488 251 1536 mundi
284 1486 634 1534 miraculorum
662 1484 846 1549 species
879 1487 1183 1535 ostendebat.
1284 1489 1486 1554 Relapsa

77 1557 209 1604 enim
239 1573 510 1621 aequorum
539 1554 853 1618 magnitudo,
898 1574 1011 1602 cum
1040 1557 1241 1604 minime
1275 1557 1487 1622 sperare-

74 1639 171 1688 tur,
202 1626 354 1673 millia
375 1624 525 1671 multa
544 1623 732 1669 necavit
753 1623 1010 1671 hominum
1034 1638 1081 1672 et
1098 1625 1351 1675 submersit
1371 1647 1380 1674 ε
1415 1645 1486 1676 re-

75 1695 476 1758 currentiumque
500 1691 714 1739 aestuum
734 1693 931 1739 incitata
949 1695 1206 1758 vertigine,
1245 1696 1484 1760 quaedam

75 1782 247 1825 naveS,
281 1763 539 1826 *postquam
557 1760 805 1807 humentis
828 1761 1114 1811 substantiae
1137 1763 1391 1812 consenuit
1413 1779 1486 1811 tu-

74 1843 209 1897 fnor,
242 1829 566 1896 pessumdatae
585 1828 711 1876 visae
730 1829 862 1877 sunt:
907 1832 1274 1898 exanimataque
1297 1836 1486 1881 naufra-

77 1902 167 1965 giis
198 1911 407 1964 corpora
435 1898 605 1962 supina
632 1898 854 1945 iacebant
887 1914 969 1946 aut
997 1918 1167 1964 prona.
1257 1902 1485 1966 Ingentes

77 1971 198 2018 aliae
224 1987 369 2017 naves
400 1967 615 2015 extrusae
640 1967 822 2014 rabidis
851 1969 1067 2031 flatibus,
1099 1971 1394 2019 culminibus
1415 1973 1486 2018 in-

75 2038 243 2088 sedere
263 2052 528 2098 tectorum,
572 2050 627 2082 ut
656 2035 980 2088 Alexandriae
1003 2039 1238 2102 contigit:
1271 2054 1318 2087 ct
1338 2041 1400 2087 ad
1420 2040 1486 2087 se-

76 2108 295 2156 cuudum
318 2105 531 2170 lapidem
552 2106 652 2152 fere
673 2107 846 2168 procul
868 2125 893 2152 a
914 2106 1079 2155 littore
1101 2122 1349 2155 contortae
1372 2108 1483 2157 sunt

78 2178 290 2241 aliquae,
354 2189 408 2221 ut
429 2174 722 2222 Laconicam
752 2193 906 2239 prope
931 2176 1208 2224 Mothonen
1242 2176 1482 2241 oppidum

76 2264 167 2293 nos
212 2242 508 2293 transeundo
556 2241 891 2306 conspeximus
935 2244 1162 2293 diuturna
1202 2246 1330 2293 carie
1378 2247 1484 2295 fati-

76 2315 306 2363 scentem.

1512 254 1563 297 16

1514 882 1565 927 ¹7
