1727 3144
214 167 308 207 ⁴382
455 174 725 206 AmmiANi
768 173 1156 206 nA'sscssLmni
1199 176 1378 220 xxviii,
1420 163 1466 204 4.

212 303 353 350 pam:
386 285 607 333 certatim
640 297 966 345 concurrunt,
1007 284 1355 349 palpantesque
1385 281 1623 331 advenam

214 353 525 419 deformitate
558 372 731 418 magna
763 352 1115 401 blanditiarum
1148 354 1214 400 ita
1253 353 1515 414 extollunt,
1571 361 1634 400 ut'

213 424 526 472 Semiramim
555 423 752 485 Parthi,
795 424 874 470 vel
909 423 1192 488 Cleopatras
1231 422 1509 488 AegyptuS,
1545 435 1629 469 aut

214 491 522 540 Artemisiam
552 493 722 551 Cares,
761 494 840 540 vel
873 492 1148 540 Zenobiam
1183 491 1475 557 Palmyreni.
1564 489 1630 537 Et

214 562 337 609 haec
365 561 629 608 admittunt
659 562 736 622 hi,
782 579 995 627 quorum
1025 560 1156 626 apud
1182 561 1390 608 maiores
1415 558 1632 608 censoria

214 644 330 677 nota
358 628 551 677 senator
582 630 809 678 adflictus
838 630 927 691 est,
975 630 1141 691 ausus,
1198 631 1316 677 dum
1340 627 1502 677 adhuc
1529 645 1631 676 non

217 699 429 760 deceret,
460 698 710 764 praesente
730 699 984 748 communi
1000 701 1103 748 filia
1125 699 1387 763 coniugem
1408 696 1629 746 osculari.

145 782 199 810 10
313 767 385 816 Ex
405 768 483 815 his
506 767 707 832 quidam
731 788 843 816 cum
866 767 1059 816 salutari
1087 769 1369 832 pectoribus
1397 764 1634 832 oppositis

215 851 513 901 coeperunt,
559 836 820 885 osculanda
849 838 1008 901 capita
1038 837 1091 883 in
1130 836 1335 884 modum
1375 851 1631 883 taurorum

219 906 486 953 minacium
505 906 840 969 obliquantes‚
873 904 1212 958 adulatoribus
1234 906 1444 953 offerunt
1475 921 1631 968 genua

216 973 478 1021 suavianda
508 974 587 1020 vel
619 992 817 1034 manus,
857 972 911 1019 id
942 973 1038 1020 illis
1067 972 1286 1022 sufficere
1318 973 1380 1021 ad
1400 974 1542 1021 beate
1565 972 1634 1019 vi-

216 1041 433 1089 vendum
467 1041 817 1088 existimantes:
858 1055 907 1088 et
936 1040 1187 1100 abamdare
1216 1043 1351 1089 omni
1384 1043 1521 1089 cultu
1543 1042 1632 1088 hu-

218 1109 463 1157 manitatis
483 1111 524 1175 ⁷)
545 1110 856 1174 peregrinum
877 1124 1129 1174 putantes,
1164 1110 1302 1157 cuius
1331 1112 1458 1158 forte
1485 1111 1633 1158 etiam

219 1178 371 1243 gratia
394 1175 506 1225 sunt
524 1179 755 1243 obligati,
796 1179 1178 1244 interrogatum,
1224 1179 1402 1244 quibus
1427 1179 1632 1226 thermis

218 1261 383 1296 utatur
401 1261 484 1294 aut
505 1248 668 1313 aquis,
705 1262 788 1295 aut
808 1247 870 1295 ad
892 1266 1036 1312 quam
1057 1247 1329 1296 successerit
1349 1249 1567 1295 domum.

154 1326 201 1355 11
316 1317 379 1364 Et
407 1335 522 1364 cum
550 1318 616 1364 ita
648 1335 814 1381 graves
843 1316 935 1363 [int
957 1331 1005 1365 et
1029 1318 1241 1365 cultores
1267 1317 1502 1364 virtutum
1516 1353 1532 1375 ,
1577 1330 1635 1363 ut

218 1400 418 1450 putant,
470 1385 509 1432 fi
548 1401 779 1433 venturos
828 1386 1084 1434 undelibet
1125 1405 1277 1450 equos
1315 1401 1397 1434 aut
1440 1386 1630 1450 aurigas

221 1454 488 1519 quemdam
511 1454 776 1503 didicerint
807 1455 1069 1503 nuntiass’e:
1114 1456 1153 1521 ⁸)
1188 1457 1254 1503 ita
1288 1455 1520 1504 velociter
1542 1456 1633 1501 im-

221 1524 436 1585 minent,
490 1523 660 1571 vident
696 1538 744 1572 et
782 1538 1185 1588 percunctantur,
1231 1539 1284 1572 ut
1324 1523 1632 1590 Tyndaridas

220 1593 393 1640 fratres
422 1611 593 1640 eorum
620 1592 874 1657 suspexere
908 1594 1141 1656 maiores,
1190 1612 1303 1641 cum
1337 1592 1503 1658 priscis
1533 1593 1629 1639 illis

225 1661 442 1709 victoriis
462 1661 689 1709 indicatis
711 1661 891 1727 gaudio
912 1677 1087 1710 cuncta
1124 1662 1456 1727 coinpless'ent.

162 1746 213 1774 12
330 1731 526 1779 Horum
559 1730 735 1779 domus
765 1731 906 1779 otiosi
943 1731 1144 1797 quidam
1188 1733 1364 1796 garruli
1411 1732 1639 1796 frequen-

226 1811 353 1859 tant,
395 1800 542 1847 variis
575 1799 857 1848 adsentandi
886 1800 1130 1865 figmentis
1160 1801 1223 1848 ad
1245 1801 1428 1866 singula
1451 1799 1637 1857 altioris

223 1866 449 1914 fortunae
473 1869 620 1915 verba
652 1870 959 1933 plaudentes,
1012 1869 1330 1935 parasitorum
1358 1870 1408 1916 in
1441 1887 1637 1917 comoe-

229 1935 323 1981 diis
351 1970 507 1980 .....
539 1951 667 1983 aetas
696 1937 1004 1986 adfectando.
1089 1938 1154 1986 Ut
1183 1939 1314 1986 enim
1348 1939 1420 1984 illi
1448 1937 1638 1984 sufflant

228 2003 407 2051 milites
445 2002 710 2067 gloriosos,
758 2004 1034 2052 obsidiones
1061 2007 1260 2052 urbium
1293 2019 1342 2053 et
1371 2024 1556 2069 pugnas
1587 2020 1636 2052 et

227 2072 380 2119 millia
408 2072 620 2119 hostium
651 2071 851 2130 iisdem,
889 2087 943 2119 ut
984 2073 1197 2121 heroicis
1237 2074 1468 2131 aemulis,
1515 2073 1636 2122 adli-

229 2155 456 2205 gnantes:
489 2141 555 2188 ita
575 2141 628 2187 hi
654 2158 851 2206 quoque
880 2142 1220 2189 columnarum
1250 2143 1635 2191 constructiones

227 2210 322 2258 alta
344 2210 505 2258 fronte
535 2208 781 2275 suspensas
815 2210 1065 2271 mirando,
1106 2225 1251 2275 atque
1278 2211 1487 2275 parietes
1514 2212 1636 2276 lapi-

231 2277 347 2325 dum
379 2279 741 2343 circumspectis
771 2279 1020 2326 coloribus
1049 2279 1258 2340 nitidos,
1299 2281 1426 2328 ultra
1455 2296 1634 2328 morta-

160 2349 212 2393 13
226 2347 409 2395 litatem
431 2348 623 2395 nobiles
644 2348 771 2396 viros
790 2349 1041 2395 extollunt.
1113 2348 1385 2396 Poscuntur
1413 2349 1559 2397 etiam
1579 2350 1630 2397 in

225 2417 266 2480 ⁹)
285 2417 522 2465 conviviis
545 2417 801 2482 aliquoties
824 2417 1055 2479 trutinae,
1091 2432 1145 2465 ut
1166 2417 1372 2482 adpositi
1400 2417 1554 2482 pisces
1585 2433 1633 2466 et

229 2486 450 2533 volucres
469 2484 803 2550 ponderentur
822 2499 869 2532 et
891 2486 1033 2549 glires
1052 2505 1061 2533 :
1100 2505 1311 2552 quorum
1343 2486 1630 2551 magnitudo

223 2550 412 2618 saepius
446 2554 672 2619 replicata
701 2572 802 2603 non
828 2553 927 2603 line
966 2554 1128 2605 taedio
1171 2554 1520 2621 praesentium,
1556 2570 1632 2620 ¹ut

246 2739 311 2790 ·7)
343 2739 411 2773 ΜΓ.
447 2742 676 2788 peregrinum
714 2753 899 2789 putantes.
940 2743 1052 2780 cuius.
1104 2746 1142 2792 8)
1167 2741 1236 2778 ΜΓ.
1263 2741 1369 2779 italos
1395 2744 1627 2781 terhiminent

221 2784 345 2825 t'ulcnt
373 2796 408 2821 et
433 2800 532 2835 perc,
580 2792 619 2834 9)
646 2787 713 2823 ΜΓ.
745 2789 948 2826 connubiis.
