1727 3144
442 182 545 213 AD
618 170 1118 212 LEc'ronn‘m.
1411 181 1495 213 xm

85 288 313 340 texendas
346 290 477 337 (luxi.
555 290 765 338 Librum
793 288 990 339 Claudii
1023 287 1242 337 Chifletii
1264 289 1307 338 Ῑ.
1331 288 1388 338 C.
1411 291 1497 339 Se-

83 361 233 425 quani
265 360 326 407 de
357 361 474 419 Vita
504 359 565 406 A.
599 359 902 422 Marcellini,
947 373 995 406 et
1029 357 1249 406 eiusdem
1268 359 1494 407 libellum

84 431 144 477 de
177 428 496 493 dignitatibus
524 429 799 494 praecipuis
829 447 1004 476 eorum
1047 442 1328 492 temporum
1369 446 1494 493 quae

79 496 189 545 sunt
211 499 271 544 ab
295 499 355 545 A.
381 498 672 546 Marcellino
707 497 948 563 descripta
965 535 978 559 ,
1028 496 1259 562 opuscula
1291 494 1496 546 minime

79 567 440 614 contemnenda
467 566 723 615 emendavi
744 586 798 615 ac
819 566 1112 631 recognovi,
1158 581 1205 614 et
1224 565 1331 631 post
1352 569 1498 613 Prae-
1540 613 1541 617 ,

75 635 315 683 sationem
345 637 506 684 fratris
537 637 663 697 mei,
710 637 954 684 Historiae
985 636 1237 683 Ammiani
1266 635 1494 700 praefixi.

79 704 231 753 Omni
255 704 468 771 denique
492 705 680 753 ratione
702 723 904 771 operam
933 704 1077 766 dedi,
1117 719 1172 752 ut
1201 705 1362 752 nostra
1395 703 1497 759 edi-

79 773 147 822 tio
179 772 293 822 effet
334 773 755 840 quemadmodum
793 775 1034 840 postrema
1070 774 1135 822 fic
1177 773 1388 838 optima,
1447 786 1497 820 et

56 843 307 914 ⁴omnibus
344 844 560 891 numeris
596 843 831 892 absoluta.
913 844 1170 893 Chifletius
1191 844 1276 890 iste
1302 846 1353 889 in
1379 842 1496 889 Vita

74 912 327 959 Ammiani
357 929 458 962 non
484 912 634 961 semel
653 914 895 962 'meminit
930 915 1232 962 Scholiorum
1259 913 1495 974 suorum,

77 981 255 1045 quibus
279 1000 387 1029 eum
416 982 716 1031 Histoi-icum
740 1000 986 1048 exponere
1006 997 1210 1030 conatus
1244 995 1374 1029 erat:
1407 979 1496 1041 sec}

76 1067 131 1096 ea
150 1069 421 1116 numquam
443 1051 574 1099 edita
590 1051 716 1114 sunt,
747 1071 838 1102 nec
851 1051 984 1118 apud
999 1051 1258 1101 Chifletios
1282 1068 1494 1116 usquam

74 1116 227 1168 hodie
248 1120 575 1185 reperiuntur.
600 1158 601 1163 ,

166 1188 431 1237 Marcellus
477 1190 704 1238 Donatus
750 1189 1009 1239 Ponzanus
1060 1192 1267 1251 Comes,
1335 1188 1491 1235 homo

71 1254 369 1305 Mantuanus
395 1276 571 1323 genere
596 1260 781 1319 clamS,
819 1262 949 1307 circa
969 1278 1151 1307 annum
1183 1275 1230 1304 M.
1266 1275 1345 1304 nc.
1380 1256 1495 1303 scri-

71 1323 166 1388 psit
194 1327 590 1375 Dilucidationes
618 1328 670 1374 in
702 1328 764 1373 T.
796 1329 1024 1386 Livium,
1065 1328 1117 1372 in
1154 1327 1208 1372 C.
1244 1324 1493 1386 Tacitum,

73 1394 122 1439 in
144 1395 199 1441 C.
221 1395 517 1441 Suetonium
545 1395 919 1458 Tranquillum,
961 1395 1013 1440 in
1041 1394 1104 1441 A.
1127 1393 1493 1453 Marcellinum,

76 1476 124 1509 et
143 1463 193 1508 in
215 1481 260 1510 v.
288 1463 532 1511 Historiae
561 1462 806 1524 Augustae
830 1464 1134 1526 Scriptores:
1169 1481 1289 1527 quas
1322 1480 1494 1510 omnes

74 1530 225 1578 Ianus
259 1532 500 1580 Gruterus
527 1531 601 1579 sui
631 1529 873 1578 Thesauri
906 1531 1077 1578 Critici
1113 1531 1278 1578 Tomo
1305 1548 1375 1578 v1.
1421 1532 1494 1578 in-

75 1598 238 1648 seruit.
324 1599 426 1648 Sed
457 1617 547 1647 nec
584 1601 800 1646 Graecos
831 1617 922 1647 nec
967 1598 1170 1646 Latinos
1217 1599 1494 1647 Historicos

75 1687 248 1716 eorum
281 1684 562 1734 temporum
592 1666 790 1731 laudat,
835 1667 962 1716 nihil
994 1667 1056 1714 ad
1081 1667 1350 1714 Historiam
1379 1670 1497 1716 Am-

74 1738 226 1787 miani
252 1739 496 1803 pertinens
518 1751 715 1798 tractat,
752 1738 912 1785 nullos
941 1737 1167 1801 aequales
1190 1736 1292 1784 eius
1324 1737 1494 1785 aetatis

77 1807 320 1855 Auctores
349 1807 569 1871 attingit3
617 1807 837 1854 Caelium
865 1805 1233 1870 Rhodiginuni,
1292 1820 1340 1854 et
1378 1806 1497 1854 Ale-

76 1875 317 1924 xandrum
346 1877 407 1923 ab
442 1875 765 1937 Alexandr-07²
805 1889 852 1922 at
884 1893 1008 1941 quos
1040 1875 1253 1923 Criticos
1272 1874 1309 1933 ’2,
1340 1875 1493 1922 Italos

78 1944 229 1992 Italus
261 1944 402 2010 saepe
436 1946 582 1992 nobis
617 1944 853 1992 obtrudit.
949 1944 1204 1991 Praeterea
1233 1944 1382 1991 nullis
1412 1961 1498 1991 co-

79 2012 271 2061 dicibus
304 2013 593 2062 adiuvatur:
637 2033 692 2062 ac
724 2013 784 2062 de
820 2013 1010 2061 Officiis
1031 2026 1222 2060 tanturn
1243 2012 1494 2074 Palatinis,

79 2082 307 2131 civilibus
339 2097 386 2131 et
411 2082 706 2131 militaribus
746 2083 955 2148 paucula
997 2082 1260 2130 infeliciter
1303 2081 1491 2130 effudit.

78 2151 244 2208 Quare
302 2152 681 2200 Observationes
735 2152 865 2214 eius,
931 2165 1013 2198 aut
1032 2188 1045 2212 7
1091 2150 1231 2198 ficuti
1290 2151 1491 2211 maluit,

80 2220 316 2270 obscurae
336 2223 726 2272 Dilcccidcctiones
757 2238 929 2269 vanr.
962 2219 1157 2268 circiter
1189 2219 1494 2285 pagellarum

80 2288 131 2334 in
154 2289 216 2336 A.
239 2290 601 2350 Marcellinum,
634 2291 780 2338 nobis
803 2290 1032 2355 indignae
1057 2288 1183 2337 visae
1200 2288 1339 2346 sunt,
1373 2305 1493 2352 quas

80 2357 288 2406 editioni
318 2360 507 2407 nostrae
537 2359 926 2424 adiungeremus.
1009 2358 1156 2407 Nunc
1189 2357 1250 2406 de
1280 2358 1343 2405 A.
1367 2357 1496 2404 Mar-

81 2427 261 2474 cellino
290 2428 451 2493 aliqua
472 2428 679 2476 dicenda
698 2428 823 2476 sunt.

179 2496 469 2544 Ammianus
494 2497 837 2558 Ma1·celli111.1s‚
871 2497 1132 2544 Protector
1163 2494 1494 2554 Domesticus,

83 2580 195 2611 cum
217 2564 443 2614 Ursicino
474 2566 707 2631 Magistro
733 2567 946 2613 militum
968 2584 994 2613 a
1034 2563 1317 2614 Constantio
1343 2563 1405 2609 A.
1441 2563 1494 2609 in

88 2632 342 2681 Orientem
374 2634 566 2682 miffus:
608 2635 772 2700 postea
805 2654 916 2683 eum
954 2635 1005 2681 in
1039 2634 1257 2694 Italiam,
1312 2630 1492 2679 deinde

87 2700 139 2747 in
168 2702 377 2764 Gallias,
419 2704 672 2768 variasque
702 2704 834 2752 orbis
861 2704 1070 2753 Romani
1100 2716 1259 2766 partes
1299 2699 1493 2748 secutus

90 2769 178 2815 cst:
216 2770 413 2819 demum
432 2791 545 2820 cum
570 2772 744 2822 eodem
761 2774 810 2821 in
831 2788 1011 2821 tractus
1035 2772 1252 2819 Orientis
1273 2770 1494 2819 revertit:
