1727 3144
516 151 900 186 lutxanus.
975 139 1092 187 563.
1396 140 1493 186 555

92 267 279 317 dabiles
301 282 450 330 reges.
532 263 649 311 Eius
680 265 941 328 pleraeque
969 276 1152 328 partes,
1191 262 1252 308 ita
1283 276 1338 309 ut
1367 262 1564 321 Mar-50

94 339 257 404 giana,
286 333 458 399 procul
481 352 506 379 a
522 334 770 381 littoribus
790 332 900 380 sunt
921 330 1215 396 disparatae,
1249 330 1333 378 sed
1357 331 1496 378 humi

91 405 393 472 gignentium
421 403 631 451 fertiles:
664 416 710 450 et
741 420 911 467 pecus,
958 399 1094 466 quod
1121 399 1223 446 illic
1255 417 1342 463 per
1370 418 1496 447 eam-

89 474 265 541 pestria
283 474 390 520 loca
410 470 616 520 vescitur
638 486 684 519 et
702 485 949 532 montana,
976 469 1210 518 membris
1227 468 1294 515 est
1313 469 1498 531 magnis

93 556 404 607 compactum
435 556 481 589 et
501 541 674 589 validis
690 536 709 587 ;7
734 555 788 588 ut
811 538 996 588 indicio
1023 539 1129 587 funt
1149 537 1321 584 cameli
1344 555 1369 583 a
1407 537 1501 582 Mi-

93 612 308 660 thridate
330 609 499 658 exinde
536 609 789 675 perducti,
827 623 874 656 et
907 609 1132 674 primitus
1161 607 1213 653 in
1246 605 1502 653 obfidione

95 684 330 746 Cyzicena
359 679 443 726 viti
472 679 714 726 Romanis.
804 678 990 724 Gentes
1026 675 1202 724 iisdem
1231 674 1502 722 Bactrianis
1514 681 1569 738 57

96 748 336 798 obediunt
366 747 555 811 plures,
599 764 718 810 quas
749 744 1032 810 exsuperant
1062 744 1308 792 Tochari:
1364 757 1410 791 et
1440 741 1502 790 ad

96 819 266 867 Italiae
306 815 517 880 speciem
560 814 743 862 crebris
780 814 1065 861 fluminibus
1100 812 1429 860 inundantur:
1477 829 1503 859 e

96 886 274 952 quibus
306 884 521 931 Artemis
551 898 598 931 et
637 881 888 947 Zariaspes
936 897 1045 930 ante
1087 881 1176 929 fibi
1218 880 1502 941 consociati,

95 955 366 1018 itidemque
388 953 558 1000 Ochus
574 956 629 999 'et
647 953 704 1018 ²¹)
727 952 1063 1000 Orchomanes
1083 951 1239 998 iuncti
1270 950 1502 998 convenis

97 1025 234 1090 aquis
256 1036 432 1086 augent
452 1021 682 1069 immania
707 1021 804 1068 Oxi
825 1024 1020 1069 fluenta.
1093 1021 1219 1067 Sunt
1245 1034 1293 1066 et
1324 1020 1407 1066 hic
1439 1019 1504 1065 ci-
1516 1029 1572 1073 58

97 1093 293 1154 vitates‚
330 1090 449 1155 quas
471 1109 636 1139 amnes
659 1089 832 1137 diverfi
853 1090 1196 1152 perstringunt,
1233 1088 1308 1134 his
1331 1088 1506 1134 ceden-

96 1175 238 1210 tesut
255 1160 568 1221 melioribus,
604 1160 810 1217 Chatra,
846 1173 893 1205 et
916 1159 1122 1218 Charte,
1172 1171 1219 1205 et
1250 1155 1503 1216 Alicodra,

97 1245 146 1280 et
163 1230 380 1292 Astacia,
415 1244 463 1277 et
486 1228 760 1293 Menapila,
799 1241 845 1274 et
879 1228 1053 1274 Bactra
1089 1225 1218 1290 ipsa,
1269 1225 1401 1272 unde
1434 1241 1506 1271 re-

97 1318 247 1365 gnum
271 1313 317 1345 et
339 1298 629 1347 vocabulum
650 1296 861 1346 nationis
892 1297 955 1343 est
978 1296 1260 1342 institutum.

191 1368 296 1415 Sub
346 1367 455 1413 imis
505 1366 747 1413 montium
793 1364 1026 1430 pedibus,
1078 1383 1200 1428 quos
1255 1363 1501 1427 adpellant
1518 1363 1576 1422 59

95 1436 338 1500 SogdiOS,
370 1436 497 1483 inter
532 1453 656 1499 quos
684 1453 847 1482 amnes
878 1434 977 1481 duo
1011 1437 1166 1480 ssuunt
1198 1433 1395 1480 navium
1429 1449 1505 1478 ca-

92 1504 352 1570 paciffimi,
386 1504 613 1551 Araxates
633 1518 679 1550 et
711 1505 912 1564 Dyma5,
959 1503 1043 1567 qui
1078 1519 1162 1565 per
1196 1502 1307 1564 iuga
1339 1501 1508 1546 valles-

95 1591 191 1638 que
212 1573 502 1638 praecipites
533 1573 584 1618 in
615 1572 930 1634 campestrem
964 1570 1214 1634 planitiem
1245 1571 1506 1616 decurren-

95 1657 196 1700 tes,
231 1641 404 1689 Oxiam
426 1641 624 1688 nomine
647 1639 871 1704 paludem
894 1639 1107 1686 efficiunt
1136 1639 1280 1701 longe
1311 1638 1506 1700 lateque

99 1710 337 1758 diffusam.
417 1710 514 1758 Hic
546 1710 673 1757 inter
702 1709 789 1756 alia
824 1707 1007 1774 oppida
1044 1707 1350 1754 celebrantur
1394 1705 1508 1753 Ale-

96 1779 323 1840 xandria,
353 1792 401 1826 et
425 1777 740 1845 Cyreschata,
773 1793 819 1825 et
840 1777 1026 1841 Drepsa
1062 1775 1364 1840 metropolis.

201 1849 292 1895 His
322 1848 542 1912 contigui
575 1846 685 1894 sunt
721 1848 896 1905 Sacae,
952 1845 1086 1893 natio
1125 1846 1251 1906 fera,
1290 1843 1577 1908 squalen-Go

104 1918 169 1965 tia
191 1918 408 1965 incolens
440 1916 572 1978 loca,
617 1916 722 1963 solo
762 1916 925 1980 pecori
956 1913 1229 1974 fructuosa,
1270 1911 1382 1960 ideo
1418 1930 1506 1959 nec

100 1986 378 2035 civitatibus
402 1987 559 2033 culta:
590 1986 669 2033 cui
691 1984 968 2033 Ascanimia
999 2001 1139 2030 mons
1175 1982 1421 2043 imminet,
1461 1994 1510 2028 et

103 2054 365 2104 Comedus.
443 2058 642 2103 Praeter
694 2072 903 2119 quorum
960 2053 1168 2114 radices,
1235 2066 1281 2099 et
1331 2052 1508 2108 vicum,

104 2142 250 2188 quem
270 2123 508 2172 Lithinon
538 2142 726 2190 pyrgon
756 2123 1027 2188 adpellant,
1060 2123 1152 2169 iter
1182 2119 1507 2183 longiffimum

103 2206 236 2258 patet
256 2189 607 2241 mercatoribus
629 2193 869 2259 pervium,
901 2191 963 2240 acl
982 2192 1123 2240 Seras
1146 2188 1351 2238 subinde
1376 2204 1508 2233 com-

116 2260 406 2309 meantibus.
1462 2308 1466 2322 Α

213 2330 355 2377 Circa
401 2328 618 2375 defectus
663 2344 710 2378 et
747 2329 1021 2395 crepidines
1061 2326 1327 2384 montium,
1386 2339 1508 2386 quos
1525 2325 1576 2368 61

108 2399 302 2446 Imavos
338 2412 385 2446 et
413 2397 657 2462 Tapurios
687 2413 886 2460 vocant,
928 2399 991 2463 22)
1013 2396 1219 2461 Scythae
1250 2392 1358 2439 sunt
1385 2391 1511 2437 intra

112 2466 328 2515 Perficos
351 2469 497 2527 fineS,
524 2466 581 2532 ²³)
604 2466 790 2515 Alianis
810 2467 1100 2516 contermini
1122 2461 1368 2519 Sarmatis,
1400 2459 1514 2505 Ala-

111 2554 388 2602 norumque
428 2538 552 2584 latus
587 2549 834 2601 tangentes
868 2551 1148 2585 extremum.
1238 2529 1337 2586 Qui
1381 2529 1514 2577 velut

114 2724 226 2804 Anat)
264 2725 315 2758 al.
347 2724 585 2771 Orgomanes.
641 2726 700 2771 22)
726 2720 793 2760 Ms.
825 2721 976 2769 Scythae
1003 2719 1082 2756 sunt
1109 2729 1193 2754 aura
1222 2717 1327 2753 tutta.
1381 2717 1438 2759 25)
1463 2716 1513 2750 al·

172 2781 272 2803 anae.
