1727 3144
200 170 453 202 vatnam
493 173 623 204 VAL.
658 171 729 202 ΕΤ
781 172 1078 203 GRA'slAN.
1154 176 1269 217 ⁰7⁰·
1371 161 1467 218 495

160 281 436 347 Sequutus,
484 295 538 328 ut
565 281 795 329 statutum
823 280 915 342 est,
958 280 1211 329 Vicarium
1254 283 1537 331 notariuszt

57 350 191 399 venit
224 350 287 397 ad
315 350 578 414 Tripolim.
675 350 886 415 Hocque
930 363 1186 414 comperto
1225 350 1469 398 Romanus

58 418 379 469 domesticum
400 419 538 466 suum
555 420 673 467 illuc
695 422 734 485 ⁷)
757 419 1022 468 volucriter
1041 417 1185 496 mifit,
1223 433 1271 466 et
1293 419 1470 466 Caeci—

56 488 180 535 lium
229 487 555 535 confiliarium
595 489 646 534 in
684 506 738 536 ea
779 487 1033 552 piovincia
1077 489 1322 552 genitum:
1384 506 1470 551 per

58 575 200 634 quos,
235 558 478 604 incertum
497 558 666 621 pretiis
687 576 746 604 an
767 558 988 619 fallaciiS,
1011 556 1333 604 cincumventi
1351 575 1471 603 mu—

56 626 244 690 nicipes
267 640 436 674 omnes
460 628 719 690 giavabant
736 626 991 687 Iovinum,
1029 625 1305 673 destinatius
1326 624 1472 672 adse-

57 709 245 756 rentes,
273 695 399 742 nihil
423 713 593 742 eorum
615 693 880 755 mandass'e,
918 713 1042 758 quae
1064 694 1299 742 docuerat
1318 693 1473 741 Prin-

55 732 246 828 cipemi
290 781 506 828 eousque
539 763 798 825 iniquitate
827 762 1084 824 grass'ante,
1132 778 1187 810 ut
1214 763 1316 828 ipse
1338 782 1470 828 quo—

55 850 151 897 que
181 832 382 879 Iovinus
414 830 476 877 ad
494 830 661 877 salutis
684 829 794 878 suae
826 831 1092 879 discrimen
1136 836 1472 891 confiteretur,

51 900 101 949 sc
136 898 431 965 Imperatori
461 900 736 947 mentitum.

152 969 346 1026 Quibus
408 986 498 1034 per
575 967 850 1015 Palladium
912 967 1173 1031 regress'um
1242 969 1542 1034 cognitis,2z

52 1038 426 1087 Valentinianus
470 1036 535 1085 ad
577 1037 893 1085 acerbitatem
927 1037 1196 1100 proclivior
1237 1039 1469 1087 Iovinum

55 1106 260 1173 quidem
295 1121 352 1154 ut
386 1121 666 1167 auctorem,
731 1105 771 1170 ⁸)
813 1104 1134 1153 Caelestinum
1175 1124 1291 1154 vero
1331 1109 1471 1156 Con—-

53 1175 381 1242 cordiumque
445 1190 494 1223 et
552 1175 786 1236 Lucium,
856 1188 911 1222 ut
976 1173 1080 1220 falfi
1142 1174 1363 1223 conscios
1421 1190 1469 1223 et

51 1246 343 1309 participes,
424 1244 590 1309 puniri
644 1242 887 1308 supplicio
946 1243 1142 1307 capitali
1192 1245 1466 1309 praecepit:

51 1315 93 1379 ⁹)
176 1313 431 1360 Ruricium
500 1327 662 1361 autem
734 1312 1001 1377 praesidem
1065 1327 1119 1359 ut
1177 1315 1466 1361 mendacem

52 1397 214 1430 morte
243 1383 466 1429 multari:
514 1382 610 1429 hoc
653 1400 852 1447 quoque
895 1381 1182 1443 accedente,
1235 1383 1373 1447 quod
1414 1385 1466 1431 in

55 1452 292 1500 relatione
329 1452 432 1499 eius
473 1452 618 1498 verba
655 1450 894 1516 quaedam
934 1454 1017 1515 (ut
1048 1449 1202 1497 visum
1234 1452 1328 1516 est)
1365 1454 1466 1500 im-

38 1520 254 1568 ‘modica
282 1521 583 1584 legebantur.
666 1521 740 1567 Ac
778 1521 1000 1567 Ruricius
1020 1519 1219 1585 quidem
1239 1520 1370 1584 apud
1392 1522 1468 1570 Si-
1485 1519 1541 1564 23

56 1589 184 1636 tifim
217 1588 408 1638 caesus:
461 1588 640 1653 reliqui
679 1588 812 1652 apud
850 1589 1044 1636 Uticam
1097 1587 1332 1636 sententia
1383 1592 1470 1639 Vi-

55 1658 177 1706 carii
201 1657 471 1706 Crescentis
493 1656 692 1705 addicti.
774 1657 1058 1706 Flaccianus
1087 1672 1247 1706 tamen
1269 1674 1379 1707 ante
1403 1661 1469 1707 le-

56 1741 281 1791 gatorum
301 1727 582 1787 interitum,
626 1745 739 1774 cum
760 1745 787 1774 a
812 1727 1007 1774 Vicario
1033 1726 1283 1775 audiretur
1307 1743 1353 1776 et
1376 1730 1468 1776 Co-

54 1796 199 1857 mite,
240 1796 513 1843 constanter
539 1795 681 1843 saluti
716 1795 826 1842 suae
860 1814 1198 1861 propugnans,
1234 1798 1468 1844 acclama-

53 1864 273 1913 tionibus
293 1866 532 1912 iratorum
551 1865 764 1912 militum
782 1865 1066 1930 impetuque
1090 1884 1201 1911 cum
1231 1866 1467 1912 conviciis

55 1951 212 1998 paene
244 1933 487 1981 coufoffus
517 1933 608 1981 est:
653 1934 1022 1994 obiicientium,
1051 1934 1166 1980 ideo
1201 1934 1467 1998 Tripolita-

55 2020 145 2050 nos
178 2021 278 2050 non
309 2002 516 2066 potuiss'e
544 2000 758 2062 defendi,
789 2002 924 2067 quod
946 2003 1034 2066 ipfi
1056 2002 1118 2049 ad
1136 2002 1467 2067 expeditiona-

53 2072 124 2119 les
153 2071 265 2118 usus
294 2072 529 2135 praebere
559 2071 816 2118 necess'aria
846 2070 1190 2119 detractarunt.
1301 2072 1364 2117 Et
1398 2073 1462 2118 ob
1478 2072 1537 2126 24

52 2140 176 2187 haec
204 2138 360 2186 trusus
393 2140 444 2185 in
476 2158 745 2199 carcerem,
792 2139 910 2188 dum
939 2140 1186 2188 consultus
1215 2139 1358 2203 super
1386 2157 1462 2200 eo,

56 2209 179 2273 quid
200 2208 484 2256 conveniret
508 2209 611 2273 agi,
666 2208 949 2257 decerneret
986 2210 1283 2273 Imperator,
1335 2207 1465 2255 solli-

52 2277 237 2337 citatis,
270 2290 324 2323 ut
355 2276 561 2324 dabatur
593 2277 810 2341 opinari,
855 2276 1160 2336 custodibus,
1205 2277 1256 2323 in
1287 2278 1463 2324 urbem

55 2346 263 2394 Romam
291 2345 476 2393 abierat
504 2347 762 2411 profugus:
789 2348 960 2412 ibique
986 2346 1297 2406 delitescens,
1331 2345 1464 2393 fatali

56 2415 162 2479 lege
197 2413 407 2462 decessit.

157 2484 270 2532 Hoc
324 2483 645 2532 memorando
684 2486 780 2534 fine
840 2483 1045 2534 externis
1087 2482 1460 2546 domesticisque
1483 2476 1537 2521 25

56 2552 278 2600 cladibus
312 2567 477 2601 vexata
517 2553 754 2601 conticuit
796 2553 1013 2617 Tripolis
1049 2570 1148 2599 non
1187 2550 1300 2597 md‹
1305 2550 1461 2598 stus-1

105 2791 141 2836 7)
169 2790 221 2824 al.
250 2789 432 2825 velociter.
481 2792 518 2836 8)
545 2789 667 2836 Sea-ph.
697 2787 951 2825 Caelestinum.
1009 2787 1053 2833 q]
1087 2785 1152 2821 Mt.
1186 2784 1414 2831 ulmnacth.
