1727 3144
186 142 259 171 DE
297 142 587 174 onoAcRE
630 141 1028 174 THEODERICO
1063 144 1193 175 ETc.
1357 134 1453 178 625

155 250 281 314 Ergo
311 251 679 311 Theodericus,
741 251 855 298 dato
887 251 1140 300 consulatu
1168 252 1521 318 Eutharico‚30

49 317 233 366 Romae
269 321 608 368 et'Ravennae
642 320 994 384 triumphavit,
1038 322 1122 386 qui
1165 322 1453 373 Eutharicus

40 388 194 434 ‘nimis
219 389 353 452 asper
379 390 497 450 fuit,
535 403 582 436 et
606 404 772 436 contra
798 389 946 436 fidem
978 391 1267 437 catholicam
1295 393 1450 442 inimi-

50 448 200 503 cns-f>
232 456 346 504 Post
385 458 503 506 haec
543 458 858 505 Theoderico
899 458 1122 506 Veronae
1169 461 1515 521 confistente&

46 538 250 590 propter
270 541 455 573 metum
477 527 693 591 gentium
708 565 720 588 ‚
751 527 878 574 facta
903 527 968 574 est
988 527 1046 574 lis
1070 529 1195 575 inter
1229 530 1453 578 Christia-

48 611 139 659 nos
170 608 217 641 et
248 595 457 643 Iudaeos
485 597 770 643 Ravennae:
810 614 956 660 quare
990 597 1158 644 Iudaei
1181 598 1453 661 baptizatos

46 663 268 709 nolentes
291 664 406 710 dnm
429 665 660 726 livident,
696 667 977 728 frequenter
1008 666 1219 712 oblatam
1248 668 1299 712 in
1328 686 1453 732 aqua

43 732 259 778 fluminis
280 734 590 780 iactaverunt.
662 732 857 779 Dehinc
890 732 1115 779 accensus
1147 734 1212 780 est
1242 738 1451 799 populus

46 817 148 846 non
176 800 470 848 reservantes
506 817 664 863 neque
694 799 795 861 regi
823 817 981 862 neque
1023 801 1318 862 Eutharico,
1371 819 1454 850 aut

45 867 222 928 Petro,
264 868 349 932 qui
381 882 496 915 tunc
533 867 790 931 episcopus
829 882 956 928 erat,
1008 868 1352 931 consurgentes
1390 873 1454 919 ad

45 937 344 1001 Synagogas,
386 954 500 983 mox
530 954 604 982 eas
635 933 980 982 incenderunt:
1023 937 1158 1001 qnod
1189 952 1235 984 et
1259 939 1308 984 in
1331 958 1451 988 cena

46 1005 216 1052 eadem
253 1005 472 1052 [imiliter
506 1005 727 1069 contigit.
832 1003 952 1051 Mox
993 1005 1164 1053 Iudaei
1202 1023 1449 1056 currentes
1464 1016 1522 1058 82.

45 1073 291 1121 Veronam
309 1112 322 1135 ‚
351 1074 439 1120 ubi
458 1091 539 1121 rex
566 1088 695 1130 erat,
724 1087 893 1137 agente
916 1074 1144 1122 Triwane
1178 1076 1451 1141 praeposito

48 1142 296 1190 cubiculi:
344 1157 391 1190 et
423 1142 524 1207 ipse
552 1142 825 1189 haereticus
868 1143 1032 1189 favens
1076 1143 1296 1206 Iudaeis,
1348 1146 1457 1203 infi-

48 1229 202 1258 nuans
235 1212 336 1275 regi
365 1213 546 1259 factum
577 1211 802 1259 adversus
838 1211 1161 1260 Christianos:
1211 1215 1295 1276 qni
1341 1234 1457 1263 mox

50 1279 179 1327 iuffit
211 1279 881 1345 propterpraesumptionem
914 1280 1157 1339 incendii,
1212 1296 1267 1329 ut
1298 1287 1455 1332 omnis

48 1350 262 1413 populus
293 1350 540 1396 Romanus
572 1350 871 1397 Ravennates
900 1349 1198 1414 Synagogas,
1237 1371 1354 1416 quas
1385 1354 1456 1400 in-

47 1417 225 1466 cendio
247 1433 707 1480 concremaverunt,
742 1418 851 1465 data
881 1421 1085 1481 pecunia
1108 1422 1449 1470 restaurarent:

50 1487 137 1551 qui
169 1504 284 1535 vero
313 1506 414 1535 non
446 1487 685 1535 habuiss'et
710 1488 840 1535 unde
875 1487 1013 1545 dare,
1045 1489 1228 1536 frustati
1257 1509 1343 1553 per
1364 1511 1453 1556 pu-

44 1555 231 1603 blicum
252 1555 341 1603 sub
364 1575 482 1604 voce
500 1557 754 1621 praeconis
779 1557 1085 1604 ducerentur.
1157 1559 1282 1606 Data
1317 1579 1452 1623 prae·

43 1639 187 1688 cepta
217 1625 280 1672 ad
308 1625 626 1673 Euthericum
660 1626 907 1690 caligam,
962 1641 1008 1673 et
1039 1627 1236 1675 Petrum
1272 1629 1452 1693 episco-

42 1712 162 1757 pum
195 1693 463 1743 secundum
483 1694 582 1744 hoc
611 1709 779 1745 tenore
798 1698 1070 1761 praecepit:
1114 1712 1162 1746 et
1204 1698 1270 1745 ita
1299 1698 1451 1747 adim-

37 1763 227 1826 pletum
255 1764 335 1812 est.
1271 1777 1274 1779 ’

140 1904 213 1951 Ex
241 1923 300 1953 eo
332 1905 463 1954 enim
492 1905 680 1955 invenit
711 1906 934 1954 diabolus
966 1906 1162 1968 locum,
1214 1906 1514 1972 quemad-83

44 1974 249 2020 modum
273 1974 551 2036 hominem,
589 1977 712 2024 benc
740 1995 841 2023 rem
864 1976 1111 2039 publicam
1128 1976 1226 2022 fine
1253 1977 1450 2039 querela

46 2043 413 2106 gubernantem,
433 2043 731 2108 subreperet.
805 2043 929 2090 Nam
953 2062 1064 2089 mox
1084 2044 1210 2089 iussit
1229 2044 1287 2090 ad
1305 2045 1450 2091 fonti-

49 2111 151 2159 clos
180 2112 231 2158 in
266 2111 477 2174 proastio
522 2113 728 2159 civitatis
766 2111 1058 2159 Veronenlis
1100 2111 1364 2159 oratorium
1396 2114 1447 2160 S.

44 2179 310 2245 Stephani,
347 2179 481 2229 idem
506 2179 648 2227 fitum
679 2181 899 2228 altarium
931 2179 1160 2227 subverti.
1239 2181 1362 2228 Item
1394 2193 1450 2229 nt

47 2250 211 2296 nullus
237 2249 485 2296 Romanus
519 2267 648 2296 arma
676 2267 831 2314 usque
860 2249 919 2295 ad
947 2249 1195 2294 cultellum
1232 2257 1450 2298 uteretur

50 2319 219 2365 vetuit.
301 2318 426 2365 Item
469 2318 645 2365 mulier
684 2335 869 2383 pauper
923 2317 981 2364 de
1033 2331 1174 2379 gente
1221 2318 1516 2389 Gothica‚84

49 2387 211 2435 iacens
241 2384 329 2434 sub
363 2386 557 2449 porticu
593 2404 690 2434 non
721 2387 865 2451 longe
904 2405 928 2432 a
966 2385 1141 2450 palatio
1179 2386 1449 2450 Ravennae,

51 2472 261 2522 quatuor
281 2455 530 2520 generavit
551 2454 811 2503 dracones:
863 2455 961 2502 duo
995 2454 1054 2501 dc
1088 2454 1358 2502 Occidente
1399 2458 1450 2503 in

53 2525 310 2575 Orientem
331 2523 448 2570 ferri
469 2523 518 2569 in
540 2525 753 2571 nubibus
773 2543 798 2571 a
822 2525 1007 2588 populo
1039 2523 1123 2568 vili
1155 2523 1290 2585 sunt,
1325 2539 1372 2572 et
1400 2526 1451 2571 in

51 2597 174 2643 mari
196 2592 533 2661 praecipitari3
566 2591 665 2640 duo
686 2594 866 2656 portati
884 2593 992 2638 l'unt
1017 2610 1167 2638 unum
1194 2608 1339 2656 caput
1371 2593 1455 2640 ha-

54 2664 240 2715 bentes.
319 2661 472 2709 Stella
508 2679 620 2710 cum
651 2662 810 2709 facula
842 2660 1088 2725 adparuit,
1121 2679 1244 2725 quac
1273 2661 1452 2711 dicitur

704 2730 744 2778 R
769 2750 792 2777 ι.
