1727 3144
438 183 825 216 lutitanos.
899 157 1065 213 562.'
1393 173 1487 231 237

72 313 142 346 ter
163 296 390 355 innoxios
423 295 680 361 delphinas
709 308 758 342 et
778 292 842 360 ²⁴)
862 310 1050 358 parvos.
1127 289 1387 354 Quidquid
1408 314 1488 341 au-
1505 302 1561 357 43

72 382 170 415 tem
217 365 437 414 eiusdem
483 364 670 429 pontici
710 363 838 410 finus
882 361 1134 427 Aquilone
1181 360 1402 408 caeditur
1441 378 1487 410 ct

68 435 286 500 pruinis,
320 435 385 482 ita
418 433 757 498 perstringitur
786 432 923 497 gelu,
955 445 1012 478 ut
1033 449 1122 479 nec
1143 428 1358 478 amnium
1383 449 1488 477 cur-

67 503 147 552 sus
167 504 468 552 subtervolvi
491 502 767 564 credantur,
803 520 892 549 nec
915 517 1003 565 per
1031 500 1242 548 infidum
1271 511 1319 545 et
1338 499 1486 547 labile

66 571 225 621 solum
265 572 442 636 gressus
483 571 700 620 hominis
743 571 885 635 possit
919 570 996 617 vel
1035 569 1240 618 iumenti
1275 568 1486 614 firmari:

70 641 207 706 quod
241 640 420 691 vitium
451 658 720 705 numquam
750 657 884 687 mare
906 637 1172 700 fincerum,
1206 635 1290 685 sed
1310 637 1489 700 permi-

68 711 193 758 stum
228 712 366 776 aquis
397 709 596 756 amnicis
633 721 801 754 tentat.
884 708 1065 754 Perlati
1096 709 1155 773 ²⁵)
1189 708 1487 771 aliquantor-

67 779 174 826 sum
203 779 422 844 longius,
467 787 614 843 quam
639 775 978 840 sperabamus,
1025 793 1283 842 pergamus
1319 769 1382 823 ad
1417 793 1488 824 re-

66 849 215 913 liqua.
335 873 337 876 ·
379 869 382 871 ’
546 891 548 893 .
1290 862 1292 866 ’

169 916 443 965 Accesserat
472 916 605 965 aliud
631 916 692 966 ad
724 914 1014 982 gaudiorum
1044 914 1374 983 praesentium
1405 933 1485 962 cu·
1504 925 1559 976 49

66 987 282 1047 mulum,
317 986 403 1033 diu
425 987 626 1051 quidem
646 987 923 1053 speratum,
959 987 1045 1035 sed
1066 986 1358 1034 dilationum
1387 1004 1486 1032 am-

65 1055 189 1119 bage
217 1056 481 1119 multiplici
515 1072 739 1104 tractum.
805 1055 1097 1103 Nuntiatum
1134 1056 1200 1102 est
1234 1056 1363 1122 enim
1396 1073 1486 1118 per

65 1122 130 1188 ²⁶)
162 1124 427 1188 Agilonem
458 1141 505 1173 et
538 1127 734 1174 lovium
762 1124 928 1189 postea
961 1124 1289 1190 quaestorem,
1329 1124 1486 1189 Aqui-

65 1193 189 1240 leiae
222 1192 499 1243 defensores
530 1195 590 1262 ²⁷)
622 1195 858 1260 longioris
891 1194 1068 1241 oblidii
1086 1192 1280 1250 taedio,
1317 1193 1485 1256 cogni-

68 1275 218 1327 toque
255 1263 524 1310 Constantii
544 1264 753 1325 excessu,
799 1264 1054 1326 patefactis
1078 1262 1234 1327 portis
1258 1262 1481 1326 egrelsos,

68 1344 291 1378 auctores
314 1331 581 1395 prodidiss'e
606 1334 882 1380 turbarum:
931 1331 1204 1396 iisdemque
1230 1332 1350 1379 vivis
1373 1350 1485 1378 exu-

67 1399 164 1460 stis,
183 1413 238 1446 ut
260 1399 403 1464 supra
424 1402 627 1448 relatum
646 1402 727 1463 est,
765 1419 933 1449 omnes
952 1401 1308 1449 concessionem
1331 1400 1485 1464 impe-

64 1468 202 1516 traffe
237 1468 531 1516 delictorum
555 1484 602 1517 et
622 1472 825 1518 veniam.

169 1539 260 1585 IX.
292 1539 359 1585 At
396 1537 640 1602 prosperis
671 1540 887 1586 Iulianus
921 1539 1118 1598 elatior,
1159 1539 1283 1585 ultra
1321 1537 1479 1584 homi·
1503 1551 1524 1584 1.

68 1624 155 1654 nes
180 1608 274 1654 iam
297 1606 535 1671 spirabat,
566 1607 798 1670 periculis
821 1621 1051 1670 expertus
1071 1606 1307 1667 adliduis‚
1343 1605 1482 1670 quod

67 1677 113 1723 ei
136 1678 308 1723 orbem
330 1676 604 1722 Romanum
625 1675 816 1739 placide
837 1676 934 1722 iam
956 1676 1159 1738 regenti,
1187 1677 1319 1722 velut
1343 1693 1484 1721 mun-

65 1745 242 1792 danam
271 1744 624 1808 cornucopiam
653 1745 868 1791 Fortuna
892 1743 1072 1808 gestans
1092 1745 1334 1808 propitia,
1365 1762 1484 1790 cun-

63 1829 140 1861 cta
162 1812 370 1878 gloriosa
395 1812 647 1861 deferebat
668 1827 712 1861 et
734 1813 994 1877 prospera:
1031 1813 1305 1878 antegressis
1329 1813 1483 1862 victo-

50 1883 245 1931 *riarum
274 1882 429 1929 titulis
460 1882 582 1930 haec
617 1899 816 1946 quoque
848 1882 1111 1942 adficiens,
1159 1881 1323 1947 quod,
1361 1882 1480 1930 (lum

60 1965 250 2000 teneret
280 1951 545 2015 imperium
575 1950 729 2012 solus,
793 1970 881 2000 nec
913 1952 1130 1999 motibus
1169 1952 1371 1999 internis
1415 1953 1482 2000 est

60 2021 310 2081 concitus,
355 2032 452 2067 nec'
479 2021 802 2068 harbarorum
836 2021 1096 2087 quisquam
1120 2021 1245 2068 ultra
1270 2020 1380 2068 suos
1406 2040 1481 2068 ex-

61 2089 193 2138 filuit
209 2092 357 2137 fines:
393 2088 478 2137 sed
500 2090 674 2155 populi
700 2108 867 2138 omncs
891 2090 1123 2137 aviditate
1142 2090 1333 2155 semper
1351 2093 1385 2154 Ι)
1408 2091 1479 2135 in-

61 2157 280 2206 sectandi
303 2159 588 2222 praeterita,
620 2173 674 2206 ut
694 2158 925 2207 damnosa
954 2174 1000 2207 et
1020 2160 1187 2220 noxia,
1230 2159 1282 2206 in
1309 2157 1477 2205 laudes
1525 2176 1527 2179 ’

66 2228 168 2276 eius
190 2226 359 2274 studiis
383 2226 520 2273 miris
542 2229 950 2276 accendebantur.

161 2295 406 2343 Omnibus
427 2295 575 2359 igitur
593 2333 606 2357 ,
642 2315 765 2360 quae
790 2316 865 2345 res
893 2294 1107 2345 diversae
1134 2294 1396 2359 poscebant
1428 2309 1475 2342 et
1493 2316 1524 2346 2

65 2379 308 2429 tempora,
353 2363 588 2429 perpensa
609 2365 960 2415 deliberatione
982 2364 1251 2428 dispolim,
1285 2378 1331 2410 et
1352 2365 1478 2412 mil‘r-

64 2434 195 2481 tibus
234 2434 540 2481 orationibus
573 2435 781 2497 crebris,
827 2434 1168 2500 stipendioque
1193 2447 1476 2495 competen-

65 2503 102 2549 ti
142 2502 205 2550 ad
248 2501 550 2568 expedienda
588 2503 853 2551 incidentia
905 2501 1180 2567 promptius
1234 2501 1492 2563 animatis‚‘

67 2585 358 2620 cunctorum
380 2573 545 2620 favore
565 2571 806 2637 sublimis,
841 2571 1157 2620 Antiochiam
1180 2569 1249 2618 ire
1277 2587 1476 2619 conten-

114 2760 172 2803 24)
205 2759 273 2794 ΜΓ.
302 2773 425 2809 pavos.
464 2762 524 2802 2⁵3)
554 2759 621 2794 ΜΓ.
652 2769 684 2793 er
714 2760 835 2807 Stflph.
867 2757 1145 2807 aliquantorsum
1174 2757 1290 2807 longe.
1321 2761 1378 2806 25)
1404 2761 1470 2799 ΜΕ.

64 2804 268 2841 Abilonem.
316 2811 378 2853 27)
407 2807 456 2839 al.
489 2808 662 2853 longiow.
719 2820 752 2852 ι)
777 2806 842 2842 ΜΓ.
870 2806 1044 2841 insectari.
