1727 3144
227 158 491 190 VALENT.
530 157 661 189 vAL.
702 159 774 189 ΕΤ
810 159 1097 191 οιιΑΤιΑΝ.
1170 146 1285 206 569.
1401 149 1495 194 485»

88 263 216 314 unde
245 267 444 331 quidam
477 286 533 315 ex
567 269 644 315 his
677 269 902 334 gregibus
931 268 1246 322 inveniuntur
1276 269 1341 317 ita
1380 288 1493 318 con-

85 335 284 395 cordes,
322 350 373 383 ut
401 337 666 393 Quintilios
694 338 784 385 ell'e
817 337 1052 385 existimes
1069 337 1266 385 fratres.
1350 339 1492 387 Ideo-

86 422 180 468 que
204 404 368 453 videre
393 406 508 453 licet
533 407 827 470 ignobilem,
871 406 986 454 artis
1015 404 1282 454 tess'erariae
1318 408 1490 455 callen-

84 487 180 519 tem
232 493 432 535 arcana,
495 489 548 522 ut
590 476 828 523 Catonem
866 475 1099 523 Porcium
1139 475 1205 522 oh
1249 476 1488 539 repulsam

82 552 332 604 praeturae
356 561 443 591 nec
472 542 741 608 suspectam
769 558 908 592 antea
937 562 1029 592 nec
1057 543 1321 609 speratam,
1361 544 1489 592 ince-

83 608 197 658 dere
240 613 471 675 gravitate
511 613 791 676 compofita>
815 613 1145 673 maestiorem,
1197 612 1332 677 quod
1362 612 1406 660 ei
1436 612 1486 659 in

78 680 264 727 maiore
287 682 513 731 convivio
541 683 617 729 vel
646 681 863 730 eonseffu
894 680 1252 746 proconsularis
1283 680 1484 747 quidam

81 747 147 794 est
167 750 419 796 antelatus.

173 817 436 864 Sublident
471 817 623 882 aliqui
658 814 886 882 copiosos
917 816 1168 880 homines,
1220 817 1358 867 senes
1399 832 1481 866 aut
1497 837 1550 868 22

75 885 300 946 iuvenes,
340 886 488 933 orbos
520 887 598 934 vel
628 887 866 946 caelibes,
912 901 994 933 aut
1024 887 1169 935 etiam
1199 905 1375 936 uxores
1398 887 1481 934 ha-

72 953 245 1001 bentes
266 968 314 1001 et
330 955 513 1003 liberos
535 957 645 1020 (nec
669 956 799 1003 enim
829 954 881 1000 in
909 955 1007 1003 hoc
1038 956 1180 1003 titulo
1217 956 1482 1006 discrimen

73 1022 277 1088 aliquod
308 1023 608 1089 observatur)
643 1023 706 1072 ad
747 1024 1019 1072 voluntates
1055 1024 1337 1073 condendas
1382 1025 1483 1072 alli-

71 1091 256 1139 cientes
283 1092 350 1158 27)
369 1111 450 1140 eos
479 1093 741 1158 praestigiis
768 1092 930 1139 miris:
988 1093 1071 1158 qui
1100 1111 1214 1140 cum
1239 1092 1477 1158 supremis

66 1160 267 1207 ‘iudiciis
294 1161 557 1224 ordinatis,
601 1180 726 1227 quae
758 1161 1030 1222 habehant,
1079 1162 1363 1227 reliquerint
1399 1162 1476 1223 iis,

70 1229 250 1293 quibus
311 1248 502 1278 morem
559 1231 774 1294 gerendo
829 1231 982 1278 testati
1024 1229 1158 1292 sunt,
1224 1231 1287 1296 ²⁸)
1338 1230 1473 1278 illico

68 1313 305 1362 pereunt,
347 1313 402 1346 ut
429 1297 484 1346 id
520 1298 716 1365 impleri
746 1297 874 1347 sorte
914 1299 1127 1347 fatorum
1173 1300 1473 1365 opperiente,

65 1383 160 1414 nec
191 1383 392 1431 puteos,
427 1386 517 1416 nec
535 1369 666 1416 facili
698 1369 855 1433 potest
877 1369 1130 1433 aegritudo
1153 1369 1405 1417 testament
1427 1405 1436 1413 .
1464 1406 1470 1411 .

73 1438 122 1502 ..Ι
149 1472 160 1481 .
183 1436 422 1485 comitatu
448 1436 514 1485 est
534 1437 610 1484 his
634 1438 911 1503 quisquam·

171 1505 314 1554 Alius
364 1524 479 1554 cum
531 1507 768 1572 dignitate
803 1507 920 1554 lic-et
962 1507 1228 1568 mediocri,
1283 1503 1472 1553 cervice
1488 1512 1544 1554 23
1588 1510 1589 1513 ’

68 1575 257 1622 tumida
276 1575 526 1639 gradiens,
570 1590 717 1623 notos
747 1588 885 1622 antea
914 1574 974 1639 ²⁹)
995 1576 1250 1641 obliquato
1279 1587 1478 1621 contue-

13 1690 18 1693 ζ
69 1657 148 1690 tur
176 1643 436 1709 adspectu,
471 1658 527 1691 ut
560 1644 669 1710 post
689 1658 850 1709 captas
869 1643 1123 1709 Syracusas
1146 1643 1380 1692 existimes
1406 1659 1477 1690 re-

67 1713 191 1760 verti
212 1713 282 1759 M.
304 1713 609 1762 Marcellum.

170 1781 320 1829 Multi
342 1781 475 1846 apud
497 1800 580 1831 eos
607 1796 839 1846 negantes
871 1780 961 1829 esse
994 1778 1185 1845 superas
1217 1778 1475 1845 potestates
1491 1783 1547 1833 24

66 1848 118 1895 in
141 1850 308 1909 caelo,
347 1868 438 1899 nec
466 1851 517 1897 in
549 1852 750 1916 publico
784 1850 1054 1914 prodeunt,
1095 1866 1185 1896 nec
1217 1846 1475 1913 prandent,

65 1935 158 1966 nec
186 1918 336 1966 lavari
364 1919 662 1967 arbitrantur
689 1918 737 1967 se
772 1919 960 1967 cautius
998 1917 1131 1981 poss'e
1149 1954 1165 1978 ‚
1218 1930 1477 1981 antequam

65 1986 384 2050 ephemeride
400 1987 682 2053 scrupulose
707 1985 939 2034 sciscitata
972 1985 1262 2047 didicerint,
1303 1985 1391 2032 ubi
1420 1983 1477 2029 lit

65 2056 206 2103 verbi
241 2056 391 2120 gratia
422 2055 611 2122 fignum
647 2056 901 2118 Mercurii,
950 2056 1028 2102 vel
1073 2069 1276 2120 quotam
1312 2052 1476 2101 cancri

65 2121 234 2172 fideris
258 2139 445 2188 partem
468 2127 637 2190 polum
661 2123 935 2173 discurrens
955 2125 1172 2171 obtineat
1190 2124 1318 2170 luna.

162 2192 331 2254 Alius,
373 2191 411 2240 fi
454 2193 748 2241 creditorem
790 2192 930 2241 suum
971 2193 1185 2255 flagitare
1228 2188 1544 2238 molestiusz5

65 2260 329 2309 adverterit
352 2259 602 2322 debitum,
635 2261 699 2309 ad
722 2262 936 2326 aurigam
961 2260 1182 2322 confugit
1214 2258 1475 2305 audentem

67 2331 230 2378 omnia
252 2330 570 2394 praelicenter
586 2369 597 2391 ,
631 2348 841 2396 eumque
872 2345 926 2378 ut
946 2331 1214 2376 veneficum
1237 2340 1373 2374 curat
1397 2345 1474 2373 ur·-

65 2399 168 2463 geri
188 2418 197 2447 ε
228 2398 359 2446 unde
380 2417 478 2446 non
500 2398 589 2444 nili
611 2398 802 2448 reddita
822 2399 1045 2447 cautione
1061 2437 1073 2461 7
1113 2394 1472 2460 dispendioque

65 2466 288 2515 adflictus
319 2467 451 2532 gravi
483 2466 705 2515 discedit.
790 2468 854 2515 Et
881 2466 1077 2515 additur
1106 2465 1249 2526 huic,
1283 2464 1472 2512 debito-

72 2578 121 2588 ..-

108 2633 168 2676 27)
199 2629 265 2666 Ms.
294 2630 411 2678 potest
439 2631 556 2677 regiis.
608 2633 676 2677 28)
705 2631 773 2666 Ms.
830 2643 953 2667 ereum
974 2643 1013 2666 ut
1042 2630 1078 2665 id
1107 2631 1270 2679 implerit
1299 2631 1469 2667 oraefato-

65 2688 144 2710 rum
173 2678 358 2723 operiente
382 2692 449 2711 nec
478 2688 605 2718 puteos
633 2690 700 2712 nec
730 2644 826 2712 facili
853 2678 968 2728 potest
995 2677 1180 2724 aegritudo
1204 2677 1326 2714 testam
1339 2704 1467 2713 ......

66 2722 273 2757 comitatum
307 2722 355 2758 est
386 2724 444 2758 his
472 2725 648 2769 quistuam
672 2749 810 2760 .....
835 2738 914 2760 cum
946 2725 1117 2773 dignitate
1149 2724 1233 2759 licet
1254 2753 1260 2759 .
1282 2750 1291 2759 .
1314 2751 1322 2758 .
1349 2752 1355 2757 .
1380 2726 1471 2759 viem.

67 2768 218 2803 tumida.
268 2768 378 2804 Alius.
429 2773 496 2819 29)
523 2769 590 2804 Mt.
617 2770 812 2817 aliquanto.
