1727 3144
234 145 682 180 CONSTANTIUS
713 144 786 175 ΕΤ
822 144 1145 178 IULIANUS,
1208 134 1324 193 559.
1405 137 1500 195 175

88 259 450 322 repet-forato,
490 254 737 321 profudit,
778 255 1074 320 proceritate
1104 269 1151 303 et
1183 255 1363 304 decore
1400 276 1506 305 cor-

89 329 224 394 poris
242 327 532 392 aequalibus
559 326 886 373 antestantem.
961 325 1112 373 Cuius
1148 325 1322 396 ocgasu
1350 326 1403 371 in
1432 328 1506 373 fu-
1524 335 1551 378 8

89 416 199 462 gam
224 396 394 461 dilapfi
416 397 678 460 populares
704 396 808 443 eius
831 412 1286 463 omnesbmoxque
1302 431 1315 456 ‚
1353 412 1414 441 ne
1438 414 1508 442 ra-

87 481 315 531 peretur,
362 466 551 512 ratione
585 464 705 512 iusta
745 463 967 529 regreffi‚
1019 464 1300 512 numerosas
1341 478 1508 528 gemes

89 536 152 582 ad
185 554 315 582 arma
343 533 640 582 clamoeibus
674 533 874 581 dilI'onis
911 534 1247 581 concitarunt:
1299 552 1509 598 quarum

89 603 333 657 concursu
382 605 479 650 ritu
525 602 771 679 grandinis
816 602 933 649 hinc
976 601 1093 651 inde
1131 603 1509 651 convolantibus

89 672 224 732 telis,
262 687 400 719 atiox
420 670 746 718 committitm
765 689 944 736 pugna.
1025 672 1087 719 Et
1113 673 1221 736 post
1251 672 1550 728 interneci-9

89 756 148 789 va
180 741 444 788 certamina
485 740 704 804 adusque
746 742 898 787 finem
940 739 1040 788 diei
1079 756 1332 806 Plomma,
1396 757 1514 789 cum

88 812 188 857 iam
219 811 377 857 noetis
408 808 521 856 effet
550 808 774 870 initium,
812 827 899 873 per
933 828 1134 859 acervos
1165 810 1421 859 caesorum
1462 824 1512 858 et

86 879 402 944 scatuxigines
423 877 668 941 sanguinis
690 895 831 942 aegre
856 878 1108 927 defensum
1140 881 1347 945 caligine
1378 895 1512 928 tene-

87 949 286 996 brarum
323 947 592 995 extrahitur
618 964 826 1011 corpu33
863 963 919 995 ut
949 949 1082 1013 apud
1115 950 1319 998 Troiam
1353 968 1511 1014 quon-

88 1018 202 1065 dam
224 1018 368 1082 super
387 1017 568 1063 comite
589 1016 802 1064 The‘ffali
821 1015 958 1065 ducis
982 1020 1190 1066 exanimi
1222 1020 1346 1066 acies
1376 1021 1505 1066 Mar-

88 1100 138 1134 te
157 1087 395 1134 acerrimo
419 1085 761 1133 conflixerunt.
836 1086 950 1143 Quo
971 1089 1142 1136 funere
1166 1090 1294 1153 regia
1316 1090 1506 1145 maesta,
1522 1120 1577 1148 ¹0

88 1170 137 1203 et
170 1155 490 1220 optimatibus
520 1155 754 1202 univerfis
787 1173 901 1202 eum
931 1172 1128 1220 parente
1165 1157 1325 1204 subita
1366 1157 1506 1205 clade

87 1226 345 1290 perennis,
401 1223 592 1270 indicto
618 1224 800 1270 iustitio
836 1225 1024 1272 iuvenis
1071 1226 1328 1273 nobilitate
1374 1244 1510 1273 com-

79 1293 382 1340 'mendabilis
404 1306 450 1339 et
471 1292 703 1352 dilectus,
743 1292 838 1338 ritu
873 1294 1082 1339 nationis
1116 1297 1344 1358 propriae
1375 1296 1508 1360 luge-

90 1363 250 1409 batur.
325 1362 524 1424 Itaque,
561 1373 616 1406 ut
635 1361 808 1406 armari
828 1360 1015 1407 solebat
1046 1364 1222 1422 elatus,
1254 1365 1304 1409 in.
1337 1366 1505 1428 amplo

92 1431 311 1496 quodam
331 1429 550 1492 suggestu
567 1428 757 1475 locatur
778 1444 822 1476 et
846 1430 998 1476 celso:
1036 1431 1262 1496 circaque
1294 1451 1407 1480 eum
1439 1436 1506 1482 le·-

89 1501 212 1548 ctuli
246 1499 418 1546 decem
449 1499 751 1554 sternuntur,
798 1500 847 1543 fi
837 1513 1029 1560 „rmenta
1067 1500 1300 1548 vehentes
1343 1504 1507 1549 homi-

89 1589 211 1617 num
236 1582 568 1626 mor·,tu01um
599 1566 665 1612 ita
687 1580 851 1612 curate
880 1568 1141 1630 pollinem,
1185 1584 1240 1616 ut
1269 1571 1506 1635 immines

90 1638 240 1686 ess'ent
268 1636 560 1700 corporibus
588 1633 803 1680 limiles
793 1653 889 1680 tam
918 1634 1143 1699 sepultis:
1196 1657 1249 1685 ac
1283 1658 1371 1703 pei
1371 1609 1507 1689 0die-

90 1727 201 1754 rum
208 1704 436 1770 spatium
465 1701 677 1768 septem,
713 1703 805 1750 vi1i
840 1703 1042 1768 quidem
1073 1724 1242 1754 omnes
1278 1727 1366 1772 per
1387 1727 1506 1757 con-

89 1776 316 1823 tubernia
346 1786 393 1821 et
417 1773 692 1837 manipulos
724 1773 880 1835 epulis
915 1773 1237 1840 indulgebant
1267 1778 1504 1842 saltando,

89 1859 139 1893 et
161 1842 404 1892 cantando
426 1841 576 1889 tristia
612 1841 852 1906 quaedam
883 1861 1058 1907 genera
1090 1848 1397 1909 11aenia1un1
1434 1867 1505 1896 ιε-

90 1915 225 1979 gium
247 1913 475 1960 iuvenem
494 1912 826 1959 lamentantes.
901 1914 1129 1962 Feminae
1161 1934 1277 1964 vero
1311 1886 1504 1966 misma·
1525 1953 1569 1978 Π

88 1983 180 2030 bili
203 1983 429 2046 planctu,
462 1981 514 2027 in
534 1981 785 2045 primaevo
806 1984 928 2030 flore
956 1983 1189 2032 succisam
1224 1985 1360 2051 spem
1391 2006 1505 2052 gen-

89 2054 150 2099 tis
184 2051 337 2099 solitis
364 2051 560 2098 fletibus
593 2051 997 2113 conclamabant·
1028 2069 1081 2100 ut
1107 2055 1373 2120 lacrymam
1404 2058 1505 2104 cul-

90 2121 235 2168 trices
273 2122 315 2182 ⁴)
345 2119 553 2166 Veneris
592 2118 732 2183 saepe
772 2120 1050 2184 spectantur
1087 2124 1138 2170 in
1183 2124 1503 2172 sollemnibus

92 2188 342 2237 Adonidis
367 2185 537 2248 samis,
569 2189 706 2252 quod
724 2188 1031 2239 fimulamum
1053 2193 1257 2258 aliquod
1280 2194 1370 2241 esse
1406 2195 1506 2240 fiu-

92 2277 207 2323 gum
231 2257 507 2304 adultarum
531 2257 789 2321 religiones
812 2261 1037 2325 mysticae
1064 2262 1258 2309 docent.

186 2327 255 2374 II.
294 2325 408 2373 Post
425 2325 671 2373 incensum
696 2345 903 2392 empus,
935 2331 1161 2395 oss'aquc
1152 2350 1199 2376 m
1223 2344 1498 2394 angenteam

90 2414 264 2442 urnam
292 2395 541 2458 coniecta,
577 2411 699 2459 quae
732 2398 837 2443 ad
824 2413 1018 2461 rentem
1047 2401 1200 2445 humo
1225 2399 1501 2447 mandanda

95 2465 279 2528 portari
303 2465 524 2511 statuerit
557 2478 732 2528 pater3‘
763 2467 936 2529 agitata
969 2468 1155 2514 summi
1187 2467 1501 2516 consiliolum

92 2534 365 2595 ',placuerat
411 2533 551 2592 busto
581 2534 715 2580 ulbis
744 2534 994 2583 subversio
1025 2538 1218 2600 expiare
1259 2540 1502 2601 perempti

94 2602 281 2649 iuvenis
313 2621 505 2650 manes:
540 2620 630 2650 nee
651 2603 782 2651 enim
807 2605 1102 2653 Grumbates
1125 2608 1157 2670 ¹)
1181 2606 1334 2654 inulta
1366 2608 1501 2654 unici

140 2766 179 2809 4)
207 2766 258 2799 al.
289 2767 485 2803 venereae.
554 2772 589 2813 1)
617 2763 682 2801 ΜΓ.
712 2768 832 2801 invita.
