1727 3144
336 106 775 172 consvltvm-ius
811 140 888 173 Ει·
925 137 1172 172 cantus.
1243 129 1361 175 555.
1506 138 1533 191 27

128 264 473 315 properantes,
516 263 570 297 ut
601 264 765 298 motus
794 247 867 296 sui
899 266 1150 299 rumorem
1177 250 1425 301 celeritate
1445 254 1532 301 ni-

127 319 224 366 mia
246 320 601 383 praevenirent,
629 320 796 384 vigore
815 336 1084 383 corporum
1112 337 1167 366 ac
1184 319 1380 368 levitate
1401 340 1532 369 con-

125 387 223 448 fifi3
273 406 359 452 per
389 387 444 454 ¹⁶)
476 388 710 436 flexuosas
745 387 938 437 semitas
976 387 1041 435 ad
1080 386 1379 437 summitates
1416 392 1531 438 col-

120 455 245 503 lium
263 456 449 505 tardius
467 457 753 507 evadebant.
823 457 886 505 Et
917 475 1029 505 cum
1050 455 1286 522 superatis
1309 457 1531 507 difficul-

119 526 304 574 tatibus
333 526 515 588 arduis,
538 527 615 574 'ad
633 526 888 592 supercilia
912 525 1144 574 veniffent
1163 527 1531 577 fluvii-Melanis

122 594 207 640 alti
237 609 286 642 et
316 596 564 656 verticoli,
607 597 692 662 qui
727 613 819 660 pro
850 613 993 642 muro
1023 609 1188 643 tuetur
1212 598 1401 645 accolas
1423 597 1529 645 cir-

121 663 395 726 cumfusus,
432 667 493 731 ¹⁷)
519 679 723 730 augente
744 678 888 712 nocte
908 663 1072 712 adulta
1091 680 1347 726 terrorem,
1378 667 1529 732 quie-

121 748 237 795 vere
266 732 509 799 paulisper
537 733 1062 800 lucem‘opperientcS.
1144 735 1528 784 Arbitrabantur

120 801 252 848 enim
275 802 730 868 nullo-impediente
751 802 1046 868 transgressi‚
1086 802 1294 869 inopino
1325 805 1525 853 accursu

117 868 336 935 adpofita
356 890 579 938 quaeque
600 873 779 922 vastare
797 891 807 920 :
836 871 924 920 fed
941 872 1173 921 incassum
1189 874 1384 923 labores
1403 892 1542 939 per-1

117 941 272 988 tulere
309 941 620 1005 graviffimos.
701 941 832 990 Nam
862 941 963 990 sole
1003 957 1140 1003 orto,
1187 943 1594 1008 magnitudinem

118 1010 303 1072 angusti
335 1010 468 1075 gurg'
497 1013 561 1073 is,
601 1010 687 1060 sed
721 1010 959 1077 profundi
987 1030 1015 1058 a
1047 1012 1255 1059 transitu
1280 1014 1526 1060 arceban-
1556 1029 1559 1033 ·
1592 1014 1595 1023 ’

114 1090 218 1126 tur:
256 1093 306 1127 et
334 1079 452 1127 dum
485 1080 772 1146 piscatorios
801 1095 1042 1146 quaerunt
1077 1081 1366 1129 lenunculos
1381 1118 1397 1140 ,
1446 1083 1524 1130 vel

115 1147 283 1196 innare
314 1163 497 1199 temere
526 1150 766 1199 contextis
793 1150 978 1199 ratibus
1008 1159 1226 1215 parantz'
1246 1149 1419 1199 effusae
1440 1152 1522 1198 le-

114 1216 309 1279 giones,
351 1236 475 1284 quae
504 1218 788 1267 hiemabant
814 1233 932 1268 tunc
962 1219 1096 1284 apud
1125 1220 1180 1283 ¹⁸)
1215 1218 1368 1267 Siden
1381 1220 1522 1276 „iis-

114 1283 225 1332 dem
248 1286 704 1351 impetuoccurrere
721 1288 900 1336 veloci.
936 1288 998 1334 Et
1015 1288 1157 1350 lignis
1180 1304 1335 1351 prope
1360 1287 1521 1351 ripam

110 1353 285 1401 locatis
321 1354 384 1402 ad
413 1374 584 1403 manus
606 1357 885 1404 comminus
909 1355 1232 1402 conserendas
1248 1392 1260 1416 ,
1308 1357 1364 1421 ¹⁹)
1388 1356 1520 1404 den-

109 1421 209 1470 sata
254 1421 504 1472 scutorum
544 1441 782 1490 compage
822 1423 973 1471 semet
1014 1422 1340 1472 scientiffimez
1366 1443 1519 1489 prae-

108 1491 380 1540 struebant:
413 1491 552 1540 ausos
572 1510 772 1557 quoque
792 1493 983 1556 aliquos
1012 1491 1192 1539 fiducia
1224 1492 1397 1555 nandi,
1440 1496 1519 1543 vel

106 1562 288 1608 cavatis
312 1562 545 1609 arborum
577 1560 761 1607 truncis
791 1577 986 1606 amnem
1017 1577 1266 1623 permeare
1295 1563 1521 1622 latenter,

103 1629 338 1678 facillime
356 1629 677 1689 trucidarunt.
754 1627 905 1679 Unde
937 1633 1130 1682 tentatis
1163 1627 1226 1676 ad
1254 1628 1516 1679 discrimen
1531 1653 1597 1680 ιτ·

104 1699 332 1746 ultimum
363 1698 549 1746 artibus
568 1698 816 1758 *multum‚
857 1715 971 1745 cum
1000 1696 1127 1743 nihil
1157 1697 1515 1763 impetraretur,

102 1785 285 1833 pavore
308 1767 456 1832 vique
478 1767 744 1833 repellente
779 1765 981 1823 extrusi,
1026 1780 1075 1813 et
1104 1785 1204 1832 quo
1238 1768 1512 1831 tenderent,

109 1837 427 1902 ambigentes,
440 1854 616 1885 venere
628 1853 783 1901 prope
797 1834 1039 1903 oppidum
1052 1834 1291 1884 Laranda.
1329 1837 1394 1903 ²0)
1409 1838 1509 1886 Ubi
1524 1848 1579 1880 12

110 1906 244 1954 victu
279 1905 482 1954 recreati
517 1920 564 1953 et
606 1906 796 1970 quiete,
834 1904 1093 1970 postquam
1121 1905 1308 1954 abierat
1340 1907 1506 1969 timor,

103 1975 239 2023 vicos
263 1975 521 2040 opulentos
543 1971 728 2036 adorti,
775 1973 1071 2039 equestrium
1099 1973 1385 2023 adiumento
1413 1994 1510 2025 co·-

102 2043 355 2103 hortium,
397 2062 521 2108 quae
548 2041 661 2092 casu
686 2043 1114 2109 propinquabant,
1165 2062 1256 2092 nec
1299 2044 1508 2094 refistere

99 2113 304 2179 planitie
343 2126 569 2178 porrecta
607 2113 800 2173 conati,
854 2111 1046 2175 digressi
1079 2110 1213 2161 sunt:
1278 2128 1508 2179 retroque

102 2181 455 2242 concedentes,
509 2199 654 2230 omne
691 2181 956 2230 iuventutis
995 2181 1148 2229 robur
1188 2183 1411 2231 relictum
1456 2183 1568 2229 inx3

99 2250 298 2299 sedibus
325 2251 618 2300 acciverunt.
699 2250 762 2298 Et
790 2249 1026 2316 quoniam
1055 2249 1218 2298 inedia
1249 2251 1382 2315 gravi
1410 2250 1508 2297 ad—

101 2319 441 2383 flictabantur‚
475 2320 642 2367 locum
669 2319 885 2384 petivere
918 2318 1085 2366 Paleas
1112 2320 1337 2380 nomine,
1389 2337 1506 2367 ter-

104 2403 297 2453 gentem
318 2389 368 2436 in
389 2406 548 2451 mare,
579 2387 743 2436 valido
768 2405 911 2436 muro
939 2389 1213 2449 firmatum3
1261 2388 1350 2435 ubi
1380 2406 1508 2435 con—-

106 2457 288 2506 duntur
314 2475 604 2523 nuncusque
632 2471 960 2519 commeatus,
1012 2456 1240 2505 distribui
1269 2456 1508 2505 militibus

155 2622 218 2669 16)
252 2621 321 2665 Ms.
358 2621 517 2671 plexuos.
589 2623 653 2667 17}
689 2623 740 2657 al.
777 2631 924 2670 urgente
958 2634 1068 2657 *nocte
1104 2621 1222 2658 adulta
1259 2611 1506 2671 temporeque,

110 2668 226 2715 quiev.
283 2669 347 2712 18)
373 2668 440 2704 Ms.
480 2667 722 2703 Sidenisdem.
787 2676 848 2715 ¹9)
875 2667 1027 2704 densitas
1054 2668 1231 2704 scutorum
1262 2681 1509 2723 compagetem

110 2725 154 2793 erl
172 2713 409 2794 Γῗὶῃιίίᾘωε.
473 2715 596 2763 Steph.
635 2713 760 2750 densas
789 2714 969 2751 scutorum
1006 2728 1197 2765 compages
1235 2714 1401 2754 setennff.
1446 2721 1509 2764 20)

112 2773 134 2792 a
156 2785 162 2793 .
216 2767 220 2774 ¹
254 2773 277 2795 1.
680 2781 687 2787 ·
