1727 3144
491 172 935 204 coxsranrlus.
1007 157 1122 205 554.
1463 153 1528 207 43
1573 160 1577 164 ’

121 279 386 342 lolvemus,
441 281 567 329 nihil
613 281 965 330 obtrectatores
1011 281 1172 345 longi,
1221 297 1277 330 ut
1326 299 1526 348 putant,

123 351 284 414 operis
305 350 639 398 formidantes.
712 351 857 399 Tune
875 350 1001 401 enim
1037 351 1282 399 laudanda
1312 354 1376 400 est
1409 355 1529 400 bre-

122 421 270 480 vitas,
309 438 420 467 eum
467 438 626 467 moras
672 438 903 485 rumpens
952 419 1337 486 intempestivas,
1404 422 1529 468 nihil

122 487 362 536 subtrahit
385 489 657 553 cognitioni
681 485 949 554 gestorumff

208 557 261 604 Ἰ.
295 557 534 604 Nondum
561 557 693 623 apud
715 557 956 606 Noricum
980 572 1125 606 exuto
1146 559 1340 623 penitus
1366 560 1528 623 Gallo,
1551 581 1579 609 2

122 625 460 689 Apodemius,
505 625 672 693 quoad
705 626 912 688 vixerat,
956 626 1124 690 igneus
1163 628 1415 676 turbarum
1445 630 1533 676 in-

125 709 320 755 centor,
363 709 525 759 raptos
562 696 662 743 eius
698 696 885 743 calceos
924 696 1107 752 vehens
1139 713 1377 761 equorum
1414 716 1533 763 per-

126 764 398 811 mutatione
430 764 614 824 veloci,
658 778 713 811 ut
751 764 1015 812 nimietate*
1037 766 1248 829 cogendi
1292 767 1535 831 quosdam

128 832 476 896 exstingueret,
512 831 873 897 praecursorius
893 833 1043 880 index
1072 834 1412 882 Mediolanum
1442 835 1538 883 ad-

127 901 286 947 venit:
353 901 684 967 iugi-ell'usque
728 902 910 966 regiam
961 917 1070 950 aute
1122 906 1271 968 pedes
1326 906 1538 969 proiecit

127 970 418 1032 Constantii,
475 972 608 1018 velut
644 970 799 1035 spolia
849 971 973 1036 regis
1029 973 1175 1020 occifi
1213 973 1535 1021 Parthorum:

127 1052 175 1087 et
204 1040 394 1103 perlato
421 1040 594 1087 nuntio
625 1040 908 1105 rePentino,
957 1041 1165 1090 docente
1191 1061 1293 1090 rem
1313 1037 1538 1107 inspera-

128 1121 227 1154 tam
246 1122 294 1155 et
313 1108 515 1156 arduam
538 1108 601 1156 ad
620 1108 908 1175 sententiam
925 1123 1029 1157 tota
1049 1111 1281 1159 facilitate
1306 1114 1538 1176 comple-

127 1189 253 1237 tam,
287 1177 364 1238 hi,
400 1179 485 1242 qui
504 1177 744 1227 summam
771 1164 932 1229 afflatu
963 1179 1217 1240 tenebant,
1260 1182 1394 1228 omni
1425 1182 1540 1245 pla-

123 1245 272 1293 cendi
290 1246 450 1293 studio
475 1247 525 1293 in
545 1247 877 1295 adulationem
892 1266 953 1295 ex
973 1266 1111 1295 more
1130 1250 1310 1295 collato
1324 1285 1340 1306 ,
1376 1250 1538 1318 virtu—

129 1327 229 1361 tem
261 1315 644 1379 felicitatemque
679 1317 990 1378 Imperatoris
1023 1317 1324 1363 extollebant
1349 1318 1397 1364 in
1419 1337 1540 1366 cae-

129 1383 261 1429 lum:
295 1383 432 1429 cuius
454 1397 600 1443 nutu,
635 1383 685 1430 iu
718 1382 921 1429 modum
949 1384 1280 1447 gregariorum
1310 1386 1539 1450 militum,

130 1452 247 1497 licet
293 1450 490 1498 diverfis
534 1452 870 1516 temporibus,
943 1452 1042 1500 duo
1094 1456 1388 1503 exauctorati
1430 1456 1541 1504 sunt

132 1520 404 1584 principes,
437 1520 702 1568 Veteranio
725 1520 956 1566 nimirum
982 1536 1029 1568 et
1052 1522 1237 1570 Gallus.
1317 1525 1429 1579 Quo
1460 1526 1540 1574 ille
1563 1531 1590 1573 5

131 1587 290 1635 l'tudio
315 1586 661 1634 blanditiarum
690 1588 926 1655 exquisito
950 1588 1192 1650 sublatus,
1237 1592 1544 1640 immunem-

136 1676 230 1722 que
254 1657 301 1704 se
325 1656 502 1703 deinde
530 1658 636 1704 fore
660 1657 722 1703 ab
752 1657 886 1703 omni
916 1658 1222 1706 mortalitatis
1257 1659 1544 1710 incommo-

136 1726 201 1773 do
223 1725 430 1772 fidenter
450 1725 749 1787 existimans,
780 1726 1030 1774 confestim
1060 1746 1083 1773 a
1107 1727 1286 1775 iustitia
1319 1729 1545 1779 declina—

135 1795 204 1841 vit
225 1795 288 1841 ita
311 1794 715 1859 intemperanter,
751 1808 804 1840 ut
839 1796 1174 1843 aeternitatem
1208 1816 1314 1844 eam
1344 1800 1546 1864 aliquo-

137 1865 226 1911 ties
247 1862 489 1912 adsereret
519 1864 620 1927 ipl'e
649 1863 907 1924 dictando,
951 1864 1310 1931 scribendoque
1350 1872 1542 1933 propria

137 1951 284 1979 manu
326 1932 458 1979 orbis
486 1932 636 1979 totius
672 1932 721 1980 se
759 1932 1015 1981 dominum
1055 1933 1350 1998 adpellaret:
1408 1941 1547 2002 quod

138 2001 414 2049 dicentibus
438 2001 568 2063 aliis,
604 2002 913 2066 indignanter
934 2003 1201 2050 admodum
1231 2005 1356 2053 ferre
1387 2007 1548 2055 debe-

139 2084 212 2117 rct
247 2071 313 2132 is,
369 2070 453 2135 qni
494 2069 556 2117 ad
597 2071 972 2119 aemulationem
1012 2072 1229 2120 civilium
1270 2076 1549 2140 principum

140 2140 289 2186 vitam
318 2140 530 2186 formare
561 2158 820 2203 moresque
843 2140 980 2202 suoS,
1016 2156 1069 2189 ut
1092 2142 1428 2205 praedicabat,
1463 2144 1547 2191 di·—

139 2208 338 2271 ligentia
367 2208 623 2255 laborabat
653 2209 805 2256 enixa.
890 2211 1144 2276 Namque,
1184 2212 1367 2259 etiamli
1397 2232 1543 2259 mun—
1567 2217 1597 2271 4

144 2276 321 2325 dorum
343 2276 606 2324 infinitates
626 2278 899 2325 Democriti
924 2294 1137 2343 regeret,
1179 2299 1301 2345 quos
1323 2286 1548 2328 Anaxar-

143 2345 240 2392 cho
265 2345 498 2392 incitante
521 2345 727 2410 Magnus
745 2346 1018 2395 somniabat
1037 2349 1342 2410 Alexander,
1379 2350 1431 2396 id
1466 2370 1550 2399 re-

144 2413 349 2478 putass‘et
378 2414 542 2478 legens
574 2415 650 2462 vel
681 2416 906 2477 audiens,
954 2417 1089 2482 quod
1120 2421 1192 2482 (ut
1226 2417 1404 2465 docent
1437 2439 1551 2468 ma-

144 2482 399 2530 thematici
445 2484 487 2548 2·)
531 2483 863 2550 concinentes)
904 2487 1113 2533 ambitus
1171 2500 1321 2533 terrae
1375 2489 1553 2548 totius,

150 2569 274 2616 quae
323 2551 466 2597 nobis
509 2551 703 2599 videtur
743 2553 1001 2615 immensa,
1061 2554 1122 2600 ad
1167 2556 1553 2618 magnitudinem

150 2619 473 2667 univerfitatis
498 2620 642 2667 instar
666 2622 826 2670 brevis
848 2624 1038 2671 obtinet
1062 2623 1247 2687 puncti.

201 2783 244 2829 2)
277 2782 322 2816 al.
351 2784 589 2819 continentes.
