1727 3144
1423 155 1476 163 ..η

210 163 474 195 VALENT.
505 165 637 197 VAL.
686 167 757 197 ET
795 167 1091 197 GRA'HAN.
1166 155 1279 213 575.
1382 156 1478 199 (iou

75 269 273 320 rhoidas
299 291 426 322 nunc
460 274 782 340 adpellamus,
819 273 1028 323 obserati
1050 274 1167 323 :sunt
1198 277 1367 337 gelidis
1397 280 1479 326 fri-

76 343 275 404 goribus
295 342 601 391 concrustati.
673 343 831 392 Senfit
849 344 1078 393 immensa
1103 345 1149 392 vi
1169 346 1374 408 quadam
1402 366 1477 394 ur·
1494 351 1523 395 6

74 424 216 471 gente
246 413 559 474 morborum,
596 414 796 461 ultimae
831 413 1115 461 necestitatis
1158 412 1311 459 adetl‘e
1345 433 1481 477 prae-

71 477 274 542 scripta:
307 480 568 546 dicereque
597 498 798 530 conatus
829 483 989 548 aliqua
1021 484 1097 531 vel
1127 483 1383 543 mandare,
1427 498 1479 530 ut

72 544 306 610 singultus
329 551 409 598 ilia
445 552 663 599 crebrius
694 551 909 616 pulsans,
954 552 1228 614 stridorque
1260 551 1480 598 dentium

72 629 121 661 et
148 619 465 667 brachiorum
497 635 658 667 motus
693 622 825 667 velut
864 621 1099 667 caestibus
1141 620 1480 667 dimicantium

70 683 345 748 indicabat,
377 690 474 736 iam
504 688 755 751 superatus
784 690 1149 753 liventibusque
1179 689 1379 735 maculis
1410 690 1481 735 in-

69 754 302 816 terfusus,
349 759 558 804 animam
596 757 683 802 diu
710 757 1021 811 colluctatam
1061 757 1262 815 efflavit,
1312 751 1478 804 aetatis

69 822 471 887 quinquagesimo
493 842 619 871 anno
644 838 690 871 et
709 824 910 888 quinto,
942 824 1156 888 imperii,
1185 826 1346 873 minus
1371 844 1481 872 cen-

69 901 175 936 tum
204 891 334 953 dies,
361 892 577 940 secundo
600 907 646 939 et
675 893 885 939 decimo.

163 960 281 1007 VII.
315 961 567 1025 Replicare
590 980 717 1008 nunc
740 962 805 1008 est
827 974 1184 1025 opportunum,
1219 975 1274 1007 ut
1294 962 1481 1025 aliquo·
1501 985 1519 1010 1

66 1026 155 1074 ties
191 1028 420 1091 fecimus,
455 1044 504 1077 et
533 1031 593 1077 ab
628 1044 739 1077 ortu
776 1029 1069 1094 primigenio
1102 1031 1250 1092 patris
1274 1030 1480 1079 huiusce

61 1093 307 1162 Principis
324 1099 542 1163 adusque
562 1098 708 1162 ipfius
730 1099 924 1145 obitum
945 1111 1078 1144 actus
1109 1098 1210 1143 eius
1243 1098 1480 1146 discurre-

63 1181 116 1211 re
148 1183 236 1230 per
265 1168 488 1232 epilogos
524 1169 721 1229 breves,
758 1186 849 1214 nec
880 1167 1112 1213 vitiorum
1150 1168 1478 1229 praetermiss'o

68 1231 349 1284 discrimine
373 1237 450 1284 vel
468 1238 740 1296 honorum,
778 1253 902 1300 quae
933 1234 1180 1298 potestatis
1205 1236 1479 1299 amplitudo

62 1304 364 1367 monstravit,
394 1304 580 1352 nudare
603 1304 742 1352 solita
770 1303 955 1367 semper
977 1304 1252 1350 animorum
1272 1305 1476 1352 interna.

66 1369 222 1419 Natus
246 1373 379 1438 apud
408 1374 599 1422 Cibalas
631 1372 910 1420 Pannoniae
944 1371 1183 1434 oppidum
1217 1373 1478 1420 Gratianus
1497 1389 1526 1417 2

65 1441 222 1489 maior
252 1442 460 1507 ignobili
490 1442 662 1507 stirpe,
713 1442 1088 1503 cognominatus
1120 1441 1186 1486 est
1218 1459 1243 1486 a
1276 1443 1481 1504 pueritia

63 1509 221 1573 prima
241 1511 510 1572 Funarius‚
543 1529 597 1558 ea
634 1527 713 1571 re,
758 1510 894 1575 quod
926 1509 1147 1555 noudum
1176 1508 1370 1557 adultus
1406 1529 1481 1558 ve-

63 1579 225 1627 nalem
244 1581 594 1628 circumferens
613 1580 803 1639 funem⁷
843 1579 1061 1642 quinque
1095 1577 1334 1624 militibus
1369 1597 1482 1626 eum

65 1665 235 1712 rapere
265 1649 427 1697 studio
456 1666 631 1713 magno
663 1647 849 1695 conatis
888 1664 1196 1710 nequaquam
1222 1647 1376 1694 cellit:
1408 1666 1486 1694 ae.

62 1717 274 1764 mulatus
295 1719 632 1767 Crotoniatem
651 1717 918 1771 Milonem,
957 1714 1037 1761 cui
1068 1715 1192 1761 mala
1229 1714 1369 1780 saepe
1400 1734 1482 1763 co-

62 1784 323 1834 haerenter
354 1788 489 1835 laeva
528 1805 676 1833 manu
715 1784 940 1833 retinenti
981 1785 1057 1830 vel
1101 1785 1294 1845 dextra,
1349 1785 1482 1830 nulla

63 1872 299 1920 umquam
318 1857 495 1903 virium
517 1855 760 1902 fortitudo
782 1852 1025 1899 abstraxit.
1103 1853 1184 1898 Ob
1200 1870 1316 1915 ergo
1331 1851 1481 1898 validi
1500 1860 1529 1904 5

63 1925 288 1986 corporis
310 1926 486 1986 robur,
524 1938 572 1971 et
606 1923 832 1986 peritiam
858 1922 1072 1966 militum
1103 1937 1240 1967 more
1265 1920 1483 1967 luctandi

65 1992 232 2040 notior
279 1994 472 2053 multis,
523 1992 629 2055 post
675 1990 959 2054 dignitatem
1003 1990 1296 2050 protectoris
1337 2003 1482 2052 atque

61 2060 276 2122 tribuni,
318 2062 495 2110 Comes
526 2059 736 2123 praefuit
761 2058 830 2105 rei
864 2055 1084 2103 castrensi
1117 2075 1205 2120 per
1232 2057 1480 2103 Africam:

64 2128 196 2176 unde
221 2130 467 2177 furtorum
497 2127 770 2192 suspicione
802 2139 1080 2184 contactus,
1132 2124 1480 2188 digress'usque‚

65 2198 222 2245 multo
244 2198 407 2262 postea
429 2200 532 2260 pari
563 2195 798 2260 potestate
826 2194 1115 2243 Britannum
1147 2193 1270 2240 rexit
1304 2193 1483 2240 exerci-

66 2281 198 2327 tum,
238 2264 769 2330 tandemque-honeste
810 2263 1111 2311 sacramento
1151 2260 1358 2323 solutus,
1412 2279 1483 2309 re-

69 2335 213 2382 vertit
232 2335 295 2383 ad
320 2336 499 2382 larem:
537 2347 584 2381 et
615 2350 759 2396 agens
788 2332 960 2397 procul
987 2349 1012 2375 a
1040 2330 1263 2393 strepitu,
1310 2331 1483 2377 multa-

69 2404 203 2451 tione
222 2406 469 2452 bonorum
492 2402 716 2449 adflictus
739 2402 802 2450 est
832 2421 858 2448 a
887 2398 1167 2448 Constantio
1197 2399 1295 2445 hoc
1327 2398 1485 2444 nomi-

71 2490 160 2534 ne,
204 2473 342 2539 quod
372 2472 506 2520 civili
542 2473 773 2534 flagrante
805 2467 1075 2526 discordia,
1110 2467 1324 2530 hospitio
1352 2466 1482 2514 dice-

71 2542 215 2590 batur
246 2540 501 2605 suscepisse
534 2540 896 2603 Magnentium,
937 2555 1022 2601 per
1056 2553 1223 2599 agrum
1254 2535 1391 2582 suum
1422 2533 1484 2581 ad

73 2611 322 2675 proposita
341 2610 660 2657 festinantem.

176 2680 325 2727 Cuius
361 2678 545 2726 meritis
575 2675 940 2724 Valentinianus
977 2674 1037 2720 ab
1081 2673 1278 2719 ineunte
1321 2669 1531 2734 adule-4

71 2746 253 2796 scentia
280 2745 718 2803 commcndabilis,
772 2757 1004 2792 contextu
1037 2742 1240 2805 ‚luarum
1287 2754 1485 2805 quoque
