1727 3144
199 178 260 205 xt.
434 173 758 207 IIADRIANI
791 174 1047 217 VALEsu
1082 176 1440 210 PRAEFATIO

196 284 362 333 cellini
386 283 553 363 libris,
588 283 817 348 notisque
843 283 1005 331 fratris
1034 303 1090 333 ac
1125 286 1246 335 meis
1269 288 1601 351 continentur,

196 373 344 420 quam
374 356 583 401 maxima
611 354 754 418 potui
785 371 899 400 cuia
930 351 1279 420 diligentiaque
1300 358 1602 416 confectum,

193 438 370 472 cuncta
397 422 458 470 ad
483 422 750 470 Histmiam
770 421 1040 470 Romanam
1068 437 1212 487 atque
1241 425 1305 479 ad
1326 425 1603 474 doctrinam

194 488 488 570 pertinentia
512 493 840 556 complexum.
913 489 1060 538 Nuda
1089 491 1219 540 enim
1240 495 1441 542 nomina
1471 513 1600 560 pro-

190 563 488 622 vinciamini,
514 561 713 608 uibium
736 575 783 607 et
805 561 1054 622 locorum,
1085 575 1231 626 atque
1266 564 1601 628 quarumlibet

189 630 505 694 dignitatum,
544 645 591 678 et
622 629 841 694 exempla
885 647 942 676 ex
982 631 1270 695 antiquitate
1310 634 1488 698 petita,
1541 650 1599 680 ac

184 699 604 765 Philosophorum
638 700 699 748 de
732 717 891 745 rerum
920 713 1117 760 natura,
1168 719 1223 747 ac
1266 701 1326 748 de
1359 701 1599 764 moribus,

190 768 565 835 Theologorum
601 768 661 816 de
694 769 802 818 Diis
842 768 1076 816 Gentium
1116 770 1292 833 placita
1330 772 1382 818 in
1427 769 1600 818 Indice

189 854 355 887 notare
379 840 552 886 inutile
567 858 620 886 ac
643 839 995 903 supervacuum
1021 838 1305 886 existimavi.
1386 838 1602 887 Frid‘eri-

186 928 271 956 cus
306 908 703 972 Lindenbrogius
746 907 849 971 post
887 906 1073 954 editum
1111 907 1432 955 Ammianum
1482 907 1602 955 vixit

191 978 328 1023 anuis
355 979 458 1041 plus
480 978 639 1024 miuus
659 977 880 1040 triginta:
918 993 1018 1040 quo
1039 990 1145 1024 toto
1169 976 1404 1041 temporis
1444 974 1601 1040 spatio

180 1065 281 1094 non
314 1047 497 1093 oblitus
538 1046 660 1093 tanti
701 1045 961 1105 Historici,
1006 1043 1103 1092 suis
1149 1044 1591 1093 Observationibus

183 1116 393 1179 plurima
422 1115 624 1162 adiecit:
661 1132 785 1180 quae
807 1132 864 1161 ex
888 1115 1009 1160 urbe
1034 1113 1407 1177 Hammaburgo
1429 1112 1492 1161 ad
1521 1130 1602 1161 me

182 1183 341 1245 missa,
379 1185 578 1248 corpori
602 1185 704 1231 eius
729 1182 1144 1230 Observationum
1169 1183 1386 1244 adiunxi,
1423 1201 1479 1229 ac
1505 1181 1604 1228 fuis

183 1270 407 1316 quaeque
450 1253 572 1299 locis
611 1251 807 1299 inserui.
905 1252 1116 1298 Cunctas
1163 1251 1274 1299 istas
1312 1251 1604 1299 accessiones

184 1321 378 1368 duobus
400 1319 629 1367 asteriscis
652 1320 838 1367 medias
869 1319 1164 1382 interposui,
1205 1335 1260 1366 ut
1295 1339 1321 1366 a
1352 1319 1604 1384 prioribus

192 1388 635 1437 Observationibus
688 1387 1041 1450 separarentur.
1143 1387 1332 1434 Addita
1389 1386 1500 1434 sunt
1556 1401 1604 1435 et

180 1458 327 1522 ipfius
352 1458 663 1506 Collectanea
685 1456 949 1502 var-iarum
973 1452 1285 1503 Lectionum.
1357 1457 1602 1504 Antonius

184 1526 420 1586 Olfelius,
459 1524 703 1573 Loilellus
737 1523 844 1568 aliis
883 1522 1068 1581 dictus,
1107 1525 1182 1571 vir
1215 1525 1417 1586 doctus,
1460 1524 1599 1572 codi-

180 1614 287 1643 cem
321 1593 583 1659 quemdam
615 1590 868 1640 Ammiani.
899 1590 969 1636 Μ.
1006 1591 1257 1640 Valentiae
1297 1595 1394 1657 Se‹
1399 1595 1596 1641 311111110-

179 1682 289 1710 rum
318 1663 590 1718 evolverat
628 1678 741 1706 cum
761 1658 833 1704 ibi
854 1630 1595 1709 ann0i1.n.Lx.f11b⁰Cuiaeio

178 1731 453 1784 Pr'ofeffme
475 1730 557 1777 Ius
581 1728 736 1776 Civile
762 1726 993 1774 diseerzet
1032 1727 1173 1776 fieuti
1193 1730 1365 1777 Petrus
1398 1730 1598 1778 Pithoe-

178 1819 266 1858 ue,
305 1799 495 1848 Cuiacii
524 1814 724 1861 quoquc
758 1795 981 1857 auditor,
1028 1797 1198 1845 eadem
1231 1800 1280 1845 in
1312 1800 1435 1846 urbe
1468 1817 1596 1847 anno

177 1887 226 1917 Μ.
259 1887 312 1916 1).
344 1885 481 1916 Lvm.
524 1885 581 1913 ex
625 1864 801 1913 codem
839 1864 1013 1912 codice
1043 1867 1198 1914 varias
1241 1868 1476 1915 lectiones
1517 1886 1594 1915 ex-

176 1937 446 2002 cerpserat,
501 1935 624 1983 etin
661 1933 877 1994 margine
918 1936 1164 1982 Ammiani
1205 1935 1306 1998 fui,
1362 1936 1595 2000 Lugduni

179 2025 307 2054 anno
337 2023 389 2053 M.
425 2023 472 2051 D.
506 2022 587 2051 Lu.
626 2022 651 2051 a
679 2003 904 2068 Gryphio
929 2004 1134 2066 vulgati,
1173 2024 1320 2052 manu
1340 2005 1422 2052 l'ua
1445 2005 1596 2053 adno-

180 2089 313 2123 tavei
318 2089 389 2122 at
439 2091 557 2138 quas
587 2071 711 2119 nuhi
745 2071 988 2120 beneficio
1011 2074 1072 2120 V.
1096 2075 1169 2121 Cl.
1194 2075 1340 2122 Fauri
1361 2074 1594 2121 Doctoris

180 2143 430 2221 Theologi
461 2140 673 2188 nancisci
708 2141 928 2203 contigit.
1023 2141 1171 2189 Hunc
1202 2143 1428 2190 codicem
1476 2143 1597 2190 Am-

176 2213 329 2259 miani
349 2212 418 2259 M.
442 2230 473 2275 q
476 2211 527 2256 ui
552 2209 774 2257 Antonio
799 2191 985 2257 Oilelio
1007 2224 1054 2256 et
1073 2209 1220 2259 Petro
1249 2211 1471 2260 Pithoeo
1495 2213 1596 2259 Va-

177 2281 357 2328 lentiae
377 2296 553 2343 magno
574 2276 683 2326 usui
704 2278 824 2339 fuit,
855 2292 902 2324 et
922 2276 1083 2326 eidem
1102 2279 1314 2328 Pithoeo
1345 2297 1445 2327 non
1473 2281 1596 2330 mul-

181 2363 292 2397 tum
321 2363 486 2406 vetus,
531 2346 614 2394 sed
647 2364 704 2394 cx
747 2346 1055 2394 vetustissimo
1085 2347 1364 2414 descriptus
1395 2347 1592 2408 dicitur,

183 2419 497 2467 Valentinum
519 2433 643 2464 voco
659 2452 671 2476 ‚
708 2428 755 2462 et
776 2430 879 2461 tum
905 2416 954 2461 in
980 2417 1183 2464 alicuius
1207 2417 1462 2465 Valentiac
1484 2415 1595 2463 Mo-
1655 2439 1660 2445 ·

183 2487 376 2534 nal'terii
410 2485 721 2534 Bibliotheca
755 2483 993 2531 servatum
1027 2485 1164 2533 fuiss‘e
1197 2486 1429 2534 existimo.
1501 2484 1594 2531 Ex-

179 2569 350 2618 cerpta
388 2553 559 2602 Oiselii
591 2567 736 2618 atque
764 2552 986 2614 Pithoni,
1042 2567 1097 2600 ut
1139 2573 1195 2601 cx
1237 2553 1412 2601 codem
1454 2553 1591 2607 fonte

180 2623 351 2669 hausta
374 2622 508 2683 sunt,
539 2623 665 2670 inter
688 2620 734 2668 le
756 2620 1077 2669 consentiunt.
1160 2621 1330 2670 Oil'elii
1360 2622 1591 2686 pauculas

178 2705 324 2737 notas
342 2709 364 2735 a
381 2691 753 2753 Lindcu’mogio
767 2688 1031 2754 descriptas
1050 2692 1209 2754 reperi
1229 2710 1240 2738 ·.
1271 2708 1389 2755 quas
1409 2707 1469 2737 ne
1484 2690 1592 2754 quis
1628 2730 1636 2735 ,

183 2758 509 2817 (ΙοΙίἀοιῊιέῑ,
589 2757 946 2822 Lindenbrogii
1004 2758 1440 2809 Observationibus
1484 2758 1594 2805 sub-
