1727 3144
502 176 1036 211 PRAEFATIQ
1358 182 1485 214 XXIX

81 287 297 338 editione
317 288 610 355 Augustana.
683 288 814 338 Hinc
836 283 972 355 patet
995 303 1223 354 oportere
1244 289 1384 337 istam
1402 309 1486 339 vo-

78 375 187 406 cem
216 356 415 423 expelli,
460 373 506 406 et
536 358 843 408 continenter
861 359 1006 407 scribi
1029 361 1105 405 hic
1124 362 1314 423 origine
1332 362 1483 421 Perfiz

66 437 219 474 natus
248 430 300 472 in
334 431 536 486 Dacia,
587 447 764 493 nempe
804 428 1104 492 Mercurius,
1142 429 1292 488 ,cuius
1333 428 1483 476 solius

75 494 229 544 modo
262 498 470 560 patriam
499 497 744 546 inculcare
778 497 978 555 debuit,
1030 515 1130 544 non
1167 498 1286 544 item
1323 497 1481 559 Pauli,

78 564 140 613 de
170 582 270 629 quo
295 565 350 612 id
379 567 559 614 fecerat
593 567 722 613 libro
751 567 1089 630 praecedente.
1172 566 1382 613 Paulum
1408 567 1482 613 ibi

75 633 261 682 dixerat
278 633 550 700 Hispanum
571 636 688 683 css'e:
717 653 807 683 nec
831 652 1008 700 operae
1038 650 1140 682 erat
1170 649 1252 683 aut
1281 635 1364 683 hic
1399 649 1483 683 aut

74 704 194 754 alibi
224 703 279 750 id
311 703 472 768 ipsum
498 705 687 753 iterale.
732 705 845 753 De
880 704 1140 753 Mercurio
1176 723 1306 752 nunc
1343 718 1482 752 notat

36 800 38 803 >
62 773 282 821 maiores
302 774 403 821 eius
423 773 560 821 fuisse
580 771 776 851 Persas,
806 791 960 839 quum
978 772 1080 838 ipse
1103 788 1242 821 natus
1260 772 1439 821 fuerit
1428 793 1481 820 ιιι

71 841 252 904 Dacia,
286 842 570 906 parentibus
599 843 701 890 eius
723 848 1068 908 quamcunque
1093 843 1157 890 ob
1176 842 1367 892 causam
1394 843 1483 890 mi-

73 928 209 974 grare
233 928 294 959 ex
314 910 505 959 Perfia
492 930 545 958 111
563 912 772 960 Daciam
789 913 996 973 coactis,
1031 913 1260 976 exemplo
1283 911 1479 973 eodem,

70 997 170 1044 quo
210 981 293 1028 ille
325 979 702 1044 apud-Parisios
738 996 879 1028 natus
919 982 972 1028 in
1015 982 1188 1029 Galliis
1216 980 1280 1028 ad
1309 975 1500 1029 Persas*

70 1048 257 1096 abierat
287 1051 549 1114 profugUS,
585 1048 860 1116 exindeque
885 1049 1055 1099 sortita
1083 1050 1318 1115 coniuge,
1358 1051 1479 1097 libe-

69 1117 234 1183 risque
260 1118 518 1183 susceptis,
574 1117 729 1166 Perlis
768 1120 1024 1179 servierat,
1069 1133 1126 1166 ut
1154 1133 1317 1166 narrat
1343 1119 1476 1166 libro

0 1202 2 1204 ’
68 1201 199 1234 xviii
219 1205 324 1252 cap.
348 1191 376 1235 6
399 1188 439 1250 §.
476 1191 551 1236 16.
584 1192 655 1238 Ita
686 1187 1019 1241 ubscuriffimo
1047 1189 1160 1236 loco
1185 1187 1479 1236 subventum

69 1252 222 1303 vides.
310 1256 411 1304 Sed
449 1257 502 1303 in
535 1257 639 1318 his,
699 1276 823 1322 quae
869 1256 934 1305 fic
970 1258 1117 1305 video
1147 1256 1335 1303 iefidua
1365 1255 1479 1314 effe,

69 1325 332 1385 luxuiiari,
364 1339 411 1372 et
429 1326 525 1373 late
551 1327 747 1403 evagati
766 1326 977 1389 pofl'em,
1007 1324 1044 1370 fi
1066 1324 1188 1371 natio
1217 1324 1479 1389 piaefatio-

73 1395 148 1443 nis
169 1411 247 1440 me
269 1411 368 1440 non
390 1393 680 1440 contineret.

170 1461 426 1510 Praeterea
455 1460 566 1508 sunt
595 1460 870 1507 nonnulla
857 1478 908 1505 m
938 1460 1066 1508 notis
1094 1460 1384 1528 Valelianis,
1414 1460 1477 1509 de

71 1532 252 1598 quibus
271 1530 525 1580 admoneri
546 1529 744 1593 publice
767 1528 939 1587 refert,
979 1544 1033 1575 ut
1052 1530 1181 1576 lib10
1201 1549 1291 1575 xxx
1313 1549 1418 1594 cap.
1450 1548 1472 1579 1

70 1603 122 1649 in
161 1603 258 1648 fine
298 1600 401 1647 vult
441 1598 653 1662 probare
700 1596 991 1644 Ammianus
1032 1615 1089 1645 ex
1129 1598 1478 1676 Demosthene,

69 1687 321 1733 nunquam
337 1666 654 1715 fimilitudine
674 1679 756 1712 aut
776 1665 1065 1729 impunitate
1088 1666 1284 1714 alte1ius
1316 1668 1477 1714 crimi-

70 1741 146 1787 nis
166 1738 299 1786 delui
321 1735 400 1798 id,
432 1735 569 1800 quod
590 1749 759 1783 contra
780 1753 833 1782 ac
853 1734 997 1782 liceat
1029 1736 1246 1798 a1guitui
1273 1736 1474 1783 factum.

71 1807 136 1858 Id
165 1806 394 1872 appositis
425 1803 770 1852 Demosthenis
805 1802 965 1850 verbis
1003 1804 1204 1851 illustrat
1239 1804 1477 1867 Valesius,

72 1893 197 1943 quae
233 1890 423 1923 certum
452 1874 518 1922 est
548 1874 609 1920 ah
647 1890 705 1922 eo
734 1871 973 1935 descripta
1018 1891 1078 1920 ex
1114 1872 1221 1938 ipso
1260 1873 1477 1936 Mureto,

72 1966 140 2012 qu
109 1963 219 1993 uem
238 1944 379 2004 citat,
415 1961 476 1991 ne
494 1941 714 2007 inspecto
737 1956 853 1990 tunc
884 1941 1085 2005 quidem
1117 1942 1477 2006 Demosthene3

72 2014 209 2080 quod
225 2011 412 2078 liquide
436 2025 569 2077 patet
590 2029 652 2060 ex
682 2008 889 2058 verbis‘
864 2032 1016 2080 ωσπερ
1045 2010 1143 2079 *γάρ
1173 2014 1219 2064 εἶ’
1239 2031 1313 2062 τις
1336 2012 1477 2074 ἕοίλω,

74 2100 198 2149 quae
229 2081 294 2130 fic
329 2080 525 2147 prorsus
556 2099 754 2146 quoque
784 2081 902 2128 citat
938 2081 1188 2144 Ἢιιιθῐιιε,
1220 2100 1372 2146 quum
1397 2099 1478 2131 eo-

10 2187 15 2194 ·
73 2171 183 2200 rum
213 2150 447 2200 sententia
483 2149 540 2196 fit
571 2167 740 2197 manca
771 2163 819 2196 et
846 2150 1147 2214 imperfecta.
1227 2150 1399 2215 Itaque
1429 2165 1478 2198 ct

74 2221 407 2278 Quintilianus
439 2218 705 2266 extendens
733 2218 940 2283 amplius
978 2218 1141 2266 reddit
1179 2223 1313 2267 Ναιη
1351 2229 1403 2265 ut
1424 2223 1479 2279 si

73 2293 179 2353 qais
197 2308 365 2336 eorum
387 2293 650 2336 damnatus
675 2288 798 2352 effet.
880 2287 1027 2334 Hunc
1057 2287 1220 2352 geniti
1221 2305 1350 2349 mm,
1390 2288 1477 2352 qui

74 2359 278 2406 omnino
317 2356 603 2406 necessarius
643 2357 735 2419 elt,
787 2357 837 2402 in
880 2357 1081 2403 Gnaecis
1120 2356 1278 2404 omitt
1324 2355 1474 2403 vides.

72 2427 229 2511 Atqui
251 2426 514 2490 plenissime
537 2440 585 2473 et
605 2425 789 2489 optimc
805 2420 1357 2493 Demosthe11es‚w'0-7›sg
1374 2422 1477 2503 Ὺρὶξ

74 2491 131 2549 σίν
150 2516 223 2548 τις
241 2499 406 2550 ἐκείνων
424 2494 624 2581 προήλω.
699 2494 774 2543 Ne
797 2492 956 2541 dicam
978 2511 1091 2540 mox
1109 2493 1158 2539 in
1191 2494 1477 2541 Demosthe-

74 2584 136 2612 ne
158 2567 303 2613 etiam
324 2583 421 2613 non
440 2565 537 2628 legi
557 2558 697 2618 οὕτως
720 2557 778 2616 οἲν
796 2586 850 2615 συ
872 2586 940 2616 νυν
957 2561 1110 2632 dacos,
1147 2560 1231 2608 sed
1261 2583 1332 2614 νυν
1359 2557 1478 2623 δίκην

76 2628 176 2687 dms·-
259 2634 438 2683 Citavit
465 2633 598 2681 hunc
627 2634 794 2680 locum
825 2649 1022 2696 quoque
1062 2631 1105 2677 Γ
1110 2630 1281 2677 heon
1270 2649 1319 2676 m
1358 2631 1480 2679 Pro-

76 2691 482 2767 gymnasmatibus
506 2721 613 2766 pag.
647 2719 665 2748 1
682 2719 722 2762 1,
752 2702 840 2748 ubi
862 2699 935 2747 sc1
928 2694 1190 2767 ιΙηιωσ-πεξ
1211 2697 1306 2766 ‘yde
1325 2695 1382 2752 οἷν
1402 2721 1476 2753 τις

77 2774 238 2827 ἐκείνων
265 2770 404 2826 ἑρὶλω.
487 2772 640 2837 Ipsius
669 2739 785 2823 vero
804 2769 950 2820 huius
972 2769 1357 2816 ratiocinationis
1372 2769 1476 2818 vim
