1727 3144
199 140 299 186 546
439 153 709 188 AMMIANI
750 151 1145 184 MARCELLINL
1174 151 1317 198 xxxv,
1359 153 1401 182 1.
1441 152 1486 184 2.

194 283 309 329 gum
328 282 503 329 genere
522 262 696 311 divites
714 280 827 310 cum
848 259 1090 323 segetibus
1113 274 1160 308 et
1183 260 1388 326 tuguriis
1416 261 1604 309 inflam-

194 335 316 382 mari
340 332 553 398 permisit
569 333 636 379 ita
655 331 853 380 demum
867 367 880 390 ,
909 349 1023 377 cum
1042 327 1151 378 usui
1171 330 1429 390 necessaria
1451 330 1606 377 abun-

197 403 258 451 de
287 401 377 450 fibi
407 402 614 468 quisque
641 399 932 464 collegisset:
969 413 1017 446 et
1046 398 1144 446 hoc
1181 399 1334 447 modo
1361 398 1610 464 sauciaba-

126 478 177 523 15
194 487 273 520 tur
300 470 424 519 salus
454 471 665 518 hostium
696 468 986 517 nesciorum.
1066 467 1334 517 Bellatores
1375 467 1507 516 enim
1548 467 1607 514 li-

192 542 366 590 benter
391 540 614 606 quaesitis
636 538 815 587 dextris
840 537 1052 602 propriis
1080 538 1364 600 utebantur,
1398 537 1488 584 alia
1508 537 1607 585 vir-

192 611 310 658 tutis
354 608 684 666 suaelhorrea
726 606 951 672 reperisse
989 606 1335 668 existimantes,
1389 620 1438 653 et
1472 605 1606 663 laeti,

196 679 334 745 quod
367 679 494 727 vitae
527 695 725 743 quoque
765 675 987 723 subsidiis
1022 675 1326 737 adfluentes,
1378 675 1607 722 alimenta

123 757 176 800 16
193 748 448 797 servabant
469 765 592 812 quae
611 746 814 809 navigiis
836 745 1154 792 vehebantur.
1228 744 1325 792 Hic
1350 744 1466 792 vino
1503 761 1607 807 gra-

194 817 265 865 vis
299 816 500 883 quidam
529 815 811 864 temerarius
842 814 1007 875 miles,
1045 813 1108 860 ad
1139 813 1426 875 ulteriorem
1449 812 1607 876 ripam

192 887 329 933 nullo
349 899 550 950 urgente
571 881 897 946 transgressus,
925 883 978 928 iu
993 880 1261 947 conspectu
1281 880 1445 929 nostro
1470 881 1529 945 ¹²)
1543 881 1604 927 ab

193 955 415 1003 hostibus
439 967 605 1015 captus
621 989 633 1012 ,
669 949 856 997 occisus
885 950 964 997 est.

151 1045 169 1070 1
294 1024 361 1071 II.
398 1021 592 1085 Quibus
613 1019 698 1065 tali
718 1017 829 1064 casu
848 1018 1074 1082 patratiS,
1113 1018 1175 1066 ad
1209 1019 1358 1067 castra
1386 1015 1608 1082 perveni-

191 1109 299 1139 mus
330 1088 530 1137 nomiue
561 1086 830 1143 Thilutha,
868 1086 920 1132 in
948 1086 1115 1132 medio
1145 1088 1360 1140 fluminis
1389 1088 1499 1145 fita,
1534 1085 1619 1132 io-'

192 1179 305 1207 cum
326 1155 564 1204 immenso
589 1154 806 1220 quodam
829 1151 1011 1201 vertice
1041 1154 1419 1214 tumescentem,
1455 1168 1502 1203 et
1522 1171 1609 1219 po-

190 1228 355 1276 testate
375 1240 573 1282 naturae
593 1225 726 1271 velut
747 1241 896 1270 manu
924 1221 1333 1287 circumsaeptum
1365 1224 1606 1279 humana:

192 1297 331 1346 cuius
350 1294 414 1343 ad
433 1293 740 1342 deditionem
766 1291 961 1347 incolae
984 1292 1150 1338 tentati
1175 1292 1396 1353 mollius,
1438 1305 1493 1339 ut
1526 1289 1610 1338 de-

191 1368 359 1427 cebat,
393 1363 627 1429 quoniam
648 1359 877 1425 asperitas
901 1360 1030 1408 edita
1053 1360 1153 1406 vini
1176 1359 1434 1425 superabat
1454 1376 1611 1407 armo·

194 1455 333 1496 rum,
373 1430 761 1495 intempestivam
796 1443 912 1477 tunc
943 1429 1274 1477 defectionem
1317 1429 1408 1477 ess'e
1448 1431 1610 1477 firma-2

193 1505 329 1552 bant.
410 1502 514 1550 Sed
542 1499 777 1547 hactenus
807 1497 1189 1563 responderunt,
1234 1499 1609 1556 cumvinteriora

196 1571 544 1637 occupaverint
569 1568 792 1633 protinus
822 1567 1097 1631 gradientes
1128 1567 1365 1629 Romani,
1405 1566 1453 1615 se
1489 1583 1611 1632 quo·

197 1659 318 1706 que,
352 1653 525 1704 utpote
550 1655 812 1700 regnorum
831 1635 1072 1700 sequelas,
1112 1635 1381 1684 victoribus
1405 1633 1611 1684 accelsu-

148 1729 178 1758 2
198 1728 293 1759 ros.
363 1709 428 1757 Et
453 1706 561 1772 post
589 1706 710 1753 haec
742 1718 1150 1768 praetermeantes
1177 1704 1279 1769 ipsa
1310 1705 1504 1758 moenia
1532 1721 1612 1751 na-

195 1797 280 1828 ves
297 1777 478 1825 nostras
499 1793 613 1825 cum
631 1773 925 1823 verecundia
942 1774 1107 1839 quiete
1129 1772 1408 1838 spectabant
1436 1774 1612 1821 immo-

195 1848 335 1896 biles,
418 1845 534 1900 Quo
562 1842 793 1904 transito,
835 1861 951 1890 cum
995 1841 1058 1889 ad
1088 1843 1447 1892 munimentum
1475 1839 1611 1891 aliud

196 1913 529 1966 Achaiachala
554 1912 755 1959 nomine
783 1910 1098 1971 venissemus,
1136 1913 1351 1958 fluminis
1384 1910 1610 1958 circumi-

198 1986 336 2033 tione
367 1981 620 2039 vallatum,
666 1978 972 2042 arduumque
1013 1978 1315 2036 transcensu,
1360 1982 1394 2043 ¹)
1415 1979 1610 2026 refutati

196 2053 302 2118 pari
324 2046 554 2114 responso
576 2046 885 2094 discessimus.
958 2046 1070 2093 Alia
1094 2046 1326 2110 postridie
1360 2048 1510 2097 castra
1541 2048 1607 2094 ob

200 2139 368 2169 muros
395 2116 637 2166 invalidos
675 2113 930 2174 derelicta,
986 2129 1355 2178 praetereuntur
1395 2114 1606 2165 incensa.

152 2200 180 2242 '5
201 2193 241 2257 2)
262 2189 460 2237 Postera
487 2186 634 2250 igitur
667 2198 715 2232 et
748 2182 1022 2248 insequenti
1067 2183 1146 2231 die
1185 2183 1346 2231 stadiis
1385 2184 1608 2234 ducentis

203 2257 422 2318 emensis,
449 2269 650 2303 ventum
669 2252 735 2301 est
752 2250 815 2299 ad
834 2252 998 2300 locum
1017 2251 1054 2318 ³)
1073 2252 1432 2301 Paraxmalcha.
1504 2254 1608 2300 Un-
1650 2280 1653 2281 ⁷

205 2330 266 2377 de
290 2343 429 2375 amne
454 2323 654 2372 transito
670 2360 682 2384 ,
723 2321 950 2368 milliario
983 2320 1190 2385 septimo
1222 2322 1465 2386 disparata
1491 2323 1606 2370 Dia-

202 2399 302 2447 cira
321 2393 568 2444 invaditur
585 2392 777 2452 civitas,
807 2389 1166 2438 habitatoribus
1188 2409 1335 2439 vacua
1351 2428 1363 2451 ‚
1392 2392 1604 2438 frumeu-

204 2483 254 2515 to
279 2480 328 2513 et
347 2464 523 2512 salibus
551 2459 717 2508 nitidis
741 2460 884 2524 plena
899 2496 911 2520 ‚
945 2459 995 2505 iu
1020 2478 1114 2524 qua
1134 2461 1372 2524 templum
1393 2459 1475 2506 alti
1505 2460 1605 2506 cul·

204 2534 349 2584 minis
369 2532 470 2581 arci
484 2529 695 2580 vidimus
712 2526 1065 2595 superpositum
1084 2547 1094 2576 ε
1128 2547 1224 2594 qua
1245 2527 1438 2578 incensa
1452 2564 1465 2590 ‚
1499 2546 1605 2576 cae-

254 2719 319 2766 12)
345 2718 410 2756 ΜΓ.
438 2718 482 2753 ab
507 2717 730 2754 hominibus*
781 2716 815 2763 ι)
841 2716 891 2750 al.
920 2714 1106 2751 confutati.
1154 2715 1194 2762 2)
1228 2715 1295 2754 ΜΓ,
1319 2714 1462 2753 Postera
1481 2715 1599 2763 igitur.

207 2771 244 2809 ὅ)
272 2764 339 2801 Ms.
377 2764 642 2801 Baraxmalcha.
