1727 3144
147 126 173 141 ,-

146 138 244 185 090
385 134 656 172 ΑΜΜΙΑΝΙ
696 135 1096 170 MARCELLINI
1141 135 1264 182 XXV,
1303 135 1348 179 7.

150 246 465 312 elephantos,
523 260 646 312 quot.
686 263 954 310 numquam
990 263 1073 294 rex
1111 260 1217 294 ante
1256 246 1562 311 meminerat²

151 317 463 366 interfectos:
509 315 870 380 exercitumque
908 316 1184 362 Romanum
1214 316 1460 363 continuis
1497 317 1566 363 la-

120 422 127 425 -
154 387 362 435 boribus
380 384 660 436 induratum
675 422 690 442 ,
717 385 822 450 post
843 382 1004 431 casum
1028 384 1225 449 gloriosi
1244 385 1445 432 rectoris
1464 403 1567 433 non

157 455 296 506 saluti
323 453 460 515 suae,
504 469 558 501 ut
588 454 913 514 memorabat,
959 452 1240 510 consulere,
1286 453 1368 502 sed
1411 453 1570 501 vindi-

160 539 292 584 ctae,
333 524 769 588 difficultatemque
803 541 963 570 rerum
1004 523 1281 571 instantium
1311 537 1393 570 aut
1419 524 1572 571 victo-

121 594 232 642 aria
251 593 463 654 summa,
499 607 580 640 aut
609 589 769 640 morte
796 593 1105 640 memorabili
1134 592 1404 639 finiturum.
1488 592 1572 639 Ob

164 681 288 727 quae
321 661 577 726 reputabat
606 662 757 709 multa
791 675 837 708 et
866 661 1204 709 formidanda:
1241 660 1469 708 diffusum
1493 662 1576 708 ab-

162 731 296 789 unde
325 732 531 779 militem
575 749 658 794 per
700 730 1007 794 provincias,
1063 732 1158 777 levi
1195 731 1361 778 teffera
1408 731 1577 794 colligi

163 799 323 865 poffe:
362 814 584 864 expertus
609 814 656 847 et
676 799 844 862 sciens,
889 799 1125 863 populum
1148 798 1287 846 suum
1315 800 1419 863 post
1441 798 1580 846 amis-

162 868 260 918 sam
288 870 546 916 maximam
577 869 769 932 plebem
804 867 987 914 ultimis
1033 868 1298 915 terroribus
1339 868 1582 915 deforma-

166 952 301 985 tum:
347 938 487 984 timul
525 936 830 1000 comperiens
865 936 915 981 in
957 935 1314 1002 Mesopotamia
1354 938 1582 985 relictum

125 1006 303 1057 5haud
355 1006 509 1055 multo
579 1006 821 1054 minorem
875 1005 1154 1052 exercitum.
1247 1007 1386 1063 Quae
1439 1004 1582 1071 super

170 1076 358 1133 omnia,
400 1074 691 1120 hebetarunt
725 1074 826 1119 eius
860 1074 1053 1121 anxiam
1085 1081 1295 1122 mentem
1327 1093 1427 1122 uno
1456 1094 1584 1140 parl-

168 1162 264 1208 que
297 1156 460 1189 natatu
494 1142 748 1206 quingenti
779 1142 870 1188 viri
905 1143 1175 1206 transgreffi
1211 1145 1456 1191 tumidum
1495 1147 1584 1191 flu-

169 1231 280 1260 men
312 1212 608 1271 incolumes,
655 1210 1036 1275 custodibusque
1072 1212 1324 1273 confossis‚
1370 1215 1585 1278 reliquos

169 1280 418 1330 consortes·
438 1280 548 1327 suos
571 1279 633 1330 ad
654 1279 857 1328 fimilem
871 1280 1104 1328 fiduciam
1126 1282 1444 1330 concitantes.

127 1347 157 1403 4
273 1350 404 1398 Haec
428 1350 581 1410 inter,
616 1368 730 1396 cum
751 1368 909 1415 neque
939 1364 1113 1415 pontes
1143 1351 1480 1415 compaginari
1506 1368 1591 1414 pa-

172 1433 392 1468 terentur
430 1420 592 1466 undae
630 1433 893 1480 torrente&
947 1434 994 1467 et
1034 1418 1299 1484 absumptis
1342 1414 1590 1482 omnihus,

177 1506 301 1553 quae
334 1488 502 1538 mandi
525 1501 778 1551 poter‚ant
821 1489 1050 1549 utilibus,
1100 1503 1270 1537 exacto
1311 1488 1594 1537 mileiabili-

178 1571 253 1603 tei
297 1556 480 1605 biduo:
539 1557 733 1605 furebat
772 1558 979 1605 inedia
968 1576 1138 1624 ltaque
1182 1559 1395 1622 percitus
1435 1559 1593 1620 miles,

179 1624 310 1674 ferio
344 1642 637 1689 properans,
685 1645 832 1691 quam
874 1628 1026 1689 fame,
1080 1627 1382 1692 ignaviffimo
1420 1645 1599 1693 genere

182 1694 382 1754 mortis,
420 1694 623 1743 ablumi.

137 1761 169 1809 5
280 1761 396 1811 Erat
417 1777 579 1811 tamen
603 1782 692 1829 pro
714 1765 857 1815 nobis
877 1778 1128 1813 aeternum
1149 1763 1246 1811 Dei
1273 1764 1487 1811 caelestis
1511 1783 1600 1811 nu-

182 1848 324 1879 men:
361 1845 408 1877 et
433 1831 816 1897 Peilaepiaetei
835 1833 1023 1897 sperata
1061 1832 1278 1898 priores„
1318 1831 1462 1899 super
1494 1834 1601 1880 fun-

188 1897 348 1948 danda
384 1917 501 1962 paee
531 1915 747 1948 oratores
780 1903 1020 1950 Surenam
1057 1914 1106 1948 et
1139 1903 1425 1965 optimatem
1451 1902 1602 1949 alium

187 1969 414 2028 mittunt,
455 1968 642 2016 animos
680 1969 771 2033 ipfi
809 1988 1009 2034 quoque
1046 1968 1429 2032 despondentes,
1476 1988 1600 2035 quos

191 2036 419 2084 omnibus
449 2055 599 2100 paene
629 2038 826 2100 proeliis
859 2056 965 2100 pars
995 2038 1212 2086 Romana
1248 2035 1471 2100 superior
1501 2058 1603 2102 gra-

144 2105 296 2152 6vius
316 2104 563 2168 quaffabat
583 2105 755 2153 indies.
829 2106 1151 2154 Conditiones
1187 2119 1348 2153 autem
1379 2107 1604 2156 ferebant

193 2173 416 2221 difficiles
439 2188 487 2221 et
510 2174 786 2238 peiplexas,
814 2176 1051 2238 fingentes
1083 2174 1414 2222 humanorum
1449 2175 1607 2241 respe-

194 2256 277 2290 ctu
298 2243 525 2308 reliquias
554 2242 788 2291 exercitus
810 2242 969 2291 redire
1001 2243 1154 2291 lineie
1187 2244 1606 2294 clementissimum

199 2330 246 2358 re
252 2329 388 2376 rem,
434 2329 555 2377 quae
596 2307 736 2359 iubet
773 2310 809 2357 fi
845 2312 1123 2375 impleve1it
1161 2331 1274 2360 cum
1315 2314 1608 2377 primatibus

152 2392 181 2435 7
202 2379 388 2431 Caesar.
466 2381 648 2430 Conna
666 2380 758 2432 hos
779 2398 892 2428 cum
923 2381 1147 2430 Sallustio
1181 2382 1425 2445 piaefecto
1460 2384 1609 2429 mitti-

199 2463 278 2498 tur
317 2448 645 2498 Arinthaeus:
703 2463 750 2498 et
778 2447 896 2497 dum
941 2449 1238 2498 deliberatur
1279 2451 1609 2513 examinatius,

201 2517 322 2583 quid
346 2519 453 2565 fieri
479 2518 705 2579 deberet,
737 2517 839 2566 dies
865 2533 1071 2584 quatuor
1099 2518 1209 2566 funt
1238 2521 1420 2566 evoluti
1451 2520 1612 2569 inedia

153 2592 181 2634 8
200 2586 507 2649 cruciabiles,
546 2602 594 2635 et
616 2588 751 2635 omni
770 2586 1011 2652 supplicio
1034 2588 1280 2637 tristiores.
1353 2589 1467 2646 Quo
1493 2604 1612 2638 tem-

201 2656 339 2720 poris
359 2654 542 2719 spatio,
575 2671 835 2721 antequam
861 2657 913 2705 hi
945 2657 1278 2717 mitterentur,⁵
1323 2656 1358 2702 fi
1386 2659 1419 2721 ¹)
1439 2659 1615 2708 exabu-

265 2771 308 2816 ι)
332 2766 398 2805 ΜΓ.
427 2767 455 2805 fi
483 2782 527 2806 ex
558 2769 695 2806 abusus.
