1727 3144
225 172 320 217 218
425 175 730 216 JAMMIAIH
769 181 1153 213 MARcELMM
1194 183 1284 228 xx,
1328 183 1374 229 7.
1413 170 1461 215 8.

218 296 426 344 ferentes
449 311 589 356 aegre
611 291 839 353 Romani,
869 290 931 339 ad
952 290 1124 340 eadem
1150 291 1415 341 obfidenda
1433 293 1630 360 ¹viribus

221 364 407 427 maguis
444 362 821 426 accingerentur.
1671 367 1678 371 *

152 448 203 494 17
303 433 486 479 Latius
519 430 565 478 se
598 428 804 495 proinde
827 427 1031 489 iactans,
1061 427 1326 493 additaque
1347 428 1456 493 spe,
1488 429 1632 494 quid..

226 501 346 568 quid
370 499 569 564 adgredi
595 498 761 562 posset,
787 495 1105 560 adipiscendi,
1129 498 1411 561 interceptis
1431 499 1632 546 castellis

223 572 328 618 aliis
352 568 606 618 vilioribus
635 568 826 615 Virtam
846 565 1028 613 adoriri
1051 565 1314 631 disposuit,
1353 568 1626 615 munimen-

221 654 324 686 tum
341 637 480 685 valde
497 636 749 696 vetustum,
773 650 829 682 ut
851 634 1160 682 aedificatum
1181 655 1207 682 a
1228 635 1502 683 Macedone
1525 653 1630 682 cre-

223 709 361 755 datur
380 705 658 754 Alexandro
674 742 686 765 ,
718 706 767 751 in
791 718 1004 751 extremo
1025 704 1226 767 quidem
1245 703 1631 769 Mesopotamiae

218 778 361 824 litum
378 813 391 837 ,
436 775 517 823 sed
539 774 687 821 muris
708 773 839 820 velut
857 771 1054 818 finuofis
1076 772 1433 819 circumdatum
1453 787 1500 819 et
1520 790 1629 819 cor-

146 853 200 896 18
219 846 376 905 nutis,
433 843 844 906 instructioneque
882 841 1011 887 varia
1047 840 1351 888 inaccessum.
1472 840 1627 897 Quod

215 934 330 962 cum
362 913 496 961 omni
526 925 729 959 tentaret
756 925 882 969 arte,
926 927 1056 955 nunc
1084 910 1122 973 8)
1149 909 1382 973 promissis
1409 907 1627 957 defenso-

214 1001 292 1032 res
315 983 553 1040 alliciens,
591 998 717 1027 nuuc
740 996 917 1042 poenas
938 978 1225 1026 cruciabiles
1246 978 1475 1025 minitans
1490 1015 1504 1038 ,
1543 978 1627 1025 ali-

216 1052 408 1117 quoties
453 1050 633 1095 struere
678 1063 874 1111 aggeres
923 1063 1093 1109 parans
1107 1082 1123 1103 ‚
1202 1046 1626 1111 obsidionalesque

214 1122 256 1185 9)
293 1119 555 1165 admovens
585 1116 857 1175 machinas,
897 1113 1063 1160 multis
1088 1116 1298 1179 acceptis
1323 1115 1624 1176 vulneribus,

215 1207 360 1254 quam
385 1186 529 1232 illatis
548 1221 564 1245 ,
601 1183 771 1232 omiss'o
804 1199 927 1230 vano
949 1181 1147 1244 incepito
1170 1183 1366 1231 tandem
1387 1183 1622 1230 abscessit.

166 1268 193 1298 τι
322 1255 461 1302 VIII.
498 1253 633 1300 Hace
663 1270 721 1299 eo
753 1269 878 1298 anno
906 1250 1032 1297 inter
1066 1251 1256 1313 Tigrim
1291 1251 1416 1314 gesta
1443 1250 1554 1298 sunt
1575 1265 1625 1298 et

212 1324 528 1388 Euphratem.
601 1322 738 1377 Quae
766 1338 879 1367 cum
907 1319 1246 1382 frequentibus
1275 1319 1461 1365 nuntiis
1495 1319 1622 1366 didi-

210 1393 346 1441 ciffet
377 1391 710 1450 Constantius,
754 1403 975 1436 metuens
1000 1386 1334 1450 expeditiones
1354 1387 1622 1451 Parthicas,

209 1462 427 1510 hiemem
462 1459 590 1524 apud
621 1456 1094 1519 Constantinopolim
1120 1474 1289 1519 agens,
1329 1456 1622 1520 impenliore

211 1549 328 1578 cura
358 1529 564 1577 limitem
593 1528 859 1574 instruebat
887 1543 999 1572 cum
1031 1525 1166 1571 omni
1200 1525 1436 1590 adparatu
1468 1527 1622 1573 bello-

211 1618 336 1646 rum.
409 1598 561 1645 Arma
594 1613 791 1659 quoque
823 1608 869 1640 et
899 1592 1123 1639 tirocinia
1149 1611 1352 1657 cogens,
1382 1594 1622 1658 legiones-

215 1685 311 1731 que
343 1683 520 1729 augens
548 1662 812 1710 iuventutis
841 1660 1029 1708 validae
1070 1660 1447 1724 supplementis,
1503 1681 1620 1728 qua-

211 1754 322 1782 rum
340 1733 556 1780 statariae
575 1749 760 1797 pugnae
784 1748 868 1794 per
890 1729 1145 1776 orientales
1167 1728 1354 1793 saepius
1377 1732 1621 1780 emicuere

210 1802 520 1868 procinctus:
570 1800 746 1847 auxilia
771 1799 913 1862 super
939 1797 1017 1843 his
1057 1797 1347 1861 Scytharum
1389 1799 1621 1862 poscebat

210 1870 438 1919 mercede
482 1870 559 1917 vel
588 1869 763 1932 gratia,
824 1881 880 1913 ut
907 1864 1072 1912 adulto
1103 1884 1213 1913 vere
1242 1869 1491 1930 profectus
1521 1871 1555 1933 ¹)
1588 1886 1616 1915 e

213 1939 465 1999 Thraciis,
509 1939 618 1984 loca
639 1935 855 1999 suspecta
876 1934 1097 1998 protinus
1119 1949 1395 1998 occuparet.

163 2015 196 2048 2
312 2009 447 2054 Inter
477 2023 601 2070 quae
636 2004 848 2051 Iulianus
879 2001 1009 2066 apud
1046 2001 1247 2049 Parisios
1281 2003 1501 2050 hibernis
1542 2004 1615 2052 lo-

211 2076 356 2136 catis,
406 2074 588 2122 summa
625 2087 915 2136 coeptorum
944 2069 1175 2132 quorsum
1208 2072 1434 2119 evaderet
1469 2074 1617 2136 perti-

212 2143 456 2204 mescens,
497 2156 606 2190 erat·
627 2141 824 2201 anxius,
873 2156 1112 2202 nusquam
1142 2139 1454 2187 adsensurum
1487 2143 1616 2189 Con-

211 2212 434 2259 stantium
461 2211 598 2258 factis
631 2211 784 2257 multa
820 2206 1064 2255 volvendo
1099 2207 1432 2269 confiderans,
1481 2210 1615 2275 apud.

165 2289 194 2333 3
215 2299 358 2345 quem
388 2277 615 2329 sordebat
642 2293 696 2325 ut
725 2278 921 2323 infimus
947 2289 993 2322 et
1015 2290 1339 2340 contemptus.
1393 2279 1611 2326 Circum-

215 2348 386 2413 spectis
416 2348 580 2412 itaque
604 2345 807 2411 trepidis
836 2363 996 2392 rerum
1016 2361 1251 2391 novarum
1271 2345 1509 2407 exordiis,
1544 2348 1610 2394 le·-

211 2431 348 2479 gatos
378 2417 438 2463 ad
469 2434 580 2463 eum
610 2416 800 2462 mittere
822 2413 983 2460 statuit
1008 2413 1130 2475 gesta
1152 2412 1383 2461 docturos
1400 2451 1413 2474 ,
1442 2415 1609 2477 eisque

208 2486 521 2533 concinentes
542 2484 723 2531 litteras
753 2480 913 2541 dedit,
958 2481 1077 2543 quid
1108 2496 1268 2528 actum
1299 2482 1379 2543 fit,
1427 2483 1608 2546 quidve

209 2555 316 2599 lieri
340 2554 563 2619 oliorteat
585 2551 838 2616 deinceps,
876 2567 1077 2598 monens
1101 2551 1310 2613 apertius
1335 2566 1383 2598 et
1407 2551 1609 2599 denton-

163 2621 371 2673 4lt1·:1iis.
463 2622 774 2686 Quamquam
801 2637 913 2667 eum
945 2618 1066 2666 haec
1101 2617 1289 2666 dudum
1322 2620 1607 2685 comperiss‘e

253 2782 296 2827 3)
324 2780 390 2816 ΜΓ.
419 2783 607 2832 promissis.
658 2786 697 2831 9)
721 2785 771 2819 al.
801 2796 959 2820 movens.
1012 2788 1043 2825 ι)
1067 2783 1133 2819 ΜΓ.
1166 2795 1200 2820 et
1222 2785 1396 2821 braratus.
