1727 3144
169 152 266 198 556
424 164 691 198 anniam
726 163 1124 196 MARCELL1N1
1155 164 1301 210 xxiv,
1342 154 1386 197 4.

100 292 151 325 12
261 274 398 326 Vicit
426 289 589 324 tamen
617 273 893 322 nostrorum
924 272 1181 321 confilium
1208 274 1574 323 contentionem

167 347 345 397 virium
367 345 652 392 maximam:
687 342 944 407 divifisque
967 343 1223 408 operibus,
1255 344 1414 390 officia
1445 343 1573 409 quis-

168 435 263 484 que
295 414 552 462 distributa
581 411 775 476 capeffit
805 411 1032 459 ociffime.
1113 412 1243 459 Hinc
1275 414 1402 460 enim
1433 409 1573 459 ardui

167 484 408 551 suggestus
432 483 764 547 erigebantur:
796 479 911 527 inde
932 479 1162 529 folsarum
1185 479 1464 528 altitudines
1489 481 1573 528 alii

168 552 565 618 complanabant:
610 564 846 598 terrarum
877 550 1076 597 latibula
1106 568 1318 597 concava
1346 550 1576 614 oblongis-

168 623 443 672 tramitibus
465 620 580 668 alibi
598 619 925 667 struebantur:
958 620 1184 667 locabant
1206 619 1351 666 etiam
1364 618 1574 666 artifices

168 705 410 740 tormenta
443 688 672 749 muralia,
717 689 769 735 in
797 687 1008 735 funestos
1043 687 1227 735 sonitus
1258 701 1569 752 proruptura.

101 765 153 809 15
168 762 230 809 Et
257 760 508 808 cuniculos
531 758 733 823 quidem
755 776 868 805 cum
887 757 1042 805 vineis
1068 756 1242 804 Nevita
1273 770 1320 804 et
1344 755 1574 820 'Dagalaie

168 830 297 895 plius
315 828 574 877 curabant:
610 826 836 874 ineundis
858 839 1020 873 autem
1043 824 1376 885 conflictibus,
1415 839 1462 871 et
1490 823 1572 872 de-

164 897 422 946 fendendis
464 896 524 942 ab
562 894 793 942 incendio
835 895 912 942 vel
949 893 1288 958 eruptionibus
1331 893 1572 941 machinis

165 980 383 1032 praeerat
411 966 700 1028 Imperator.

270 1036 492 1097 Cumque
524 1031 758 1094 adparatu
791 1029 927 1076 omui
959 1029 1309 1079 exscindendae
1339 1029 1474 1076 urbis
1506 1029 1572 1076 la-

166 1105 288 1152 bore
320 1099 582 1164 multiplici
622 1096 985 1157 consummato,
1050 1115 1210 1161 pugna
1250 1098 1574 1162 flagitaretur:

168 1174 209 1238 ²)
231 1171 405 1219 Victor
426 1168 626 1215 nomine
657 1165 755 1214 dux
787 1165 1003 1214 reversus
1038 1166 1126 1226 est,
1180 1166 1398 1233 adusque
1428 1165 1574 1214 Cteli-

168 1241 355 1307 phonta
387 1237 644 1285 itineribus
682 1235 968 1299 exploratis,
1012 1234 1145 1281 nulla
1178 1235 1420 1283 obstacula
1452 1253 1573 1281 nun-

104 1313 155 1368 14
170 1311 291 1358 tians
315 1305 579 1354 offendiss'e.
651 1305 766 1361 Quo
787 1304 970 1351 efferati
993 1304 1172 1368 gaudio
1193 1305 1369 1352 milites
1391 1320 1576 1365 omnes,

170 1378 380 1441 elatique
402 1373 704 1422 firmioribus
736 1373 908 1420 animis
938 1371 1002 1420 ad
1032 1373 1347 1438 certandum,
1390 1371 1579 1436 fignum

173 1445 551 1513 opperiebantur
573 1443 762 1490 armati.

105 1533 157 1578 15
270 1516 477 1578 Iamque*
505 1513 735 1575 clangore
779 1510 951 1558 Martio
983 1509 1268 1558 sonantibus
1305 1510 1445 1558 tubis·
1468 1510 1581 1558 stre-

174 1585 354 1650 pebant
379 1581 626 1644 utrimque
658 1594 846 1643 partes:
892 1593 940 1628 et
967 1580 1115 1644 primi
1155 1579 1361 1627 Romani
1389 1578 1578 1627 hostem

170 1652 391 1715 undique
420 1649 613 1696 laminis
636 1649 803 1696 ferreis
831 1649 884 1694 in
913 1648 1117 1696 modum
1147 1648 1304 1695 tenuis
1326 1648 1362 1710 ³)
1388 1649 1580 1712 plumae

169 1720 511 1783 consaeptum,
548 1716 910 1781 fidentemque,
947 1717 1083 1783 quod
1112 1718 1205 1764 tela
1233 1717 1430 1781 rigentis
1462 1717 1580 1766 ferri

169 1788 381 1853 laplibus
410 1787 621 1849 impacta
651 1785 950 1848 resiliebant,
994 1786 1177 1834 crebris
1205 1780 1581 1850 procursationi-

171 1858 266 1905 bus
298 1870 345 1904 et
377 1854 555 1902 minaci
579 1872 826 1902 murmure
855 1855 1172 1903 lacess'ebant:
1208 1854 1580 1919 nonnumquam

175 1941 410 1989 compage
432 1921 708 1979 scutorum,
754 1941 848 1985 qua
872 1924 1004 1971 velut
1032 1922 1268 1970 testudine
1297 1921 1581 1985 infigurabi-

172 1994 296 2042 lium
315 1992 560 2040 fornicum
581 1990 925 2053 operiebantur
943 1990 1201 2053 aptissime,
1233 1989 1443 2036 adsiduis
1476 2007 1579 2037 mo-

176 2062 306 2109 tibus
324 2061 474 2108 laxius
499 2057 790 2106 dehiscente.
863 2059 1044 2106 Contra
1066 2057 1236 2105 Persae
1263 2058 1413 2105 muris
1435 2058 1578 2106 obsti-

176 2130 335 2178 natius
368 2129 709 2188 adhaerenteS,
751 2140 986 2191 quantum
1020 2127 1180 2174 facere
1208 2126 1396 2190 nitique
1441 2141 1578 2191 pote-

175 2213 307 2260 rant,
337 2196 532 2246 eludere
557 2209 604 2243 et
623 2195 834 2242 frustrari
864 2195 1071 2243 exitia-les
1099 2196 1309 2259 impetus
1335 2196 1578 2243 conaban-

107 2280 160 2322 16
177 2282 269 2315 tur.
346 2267 533 2315 Verum
568 2264 656 2311 ubi
689 2264 920 2311 vimineas
948 2277 1100 2311 crates
1135 2281 1249 2327 prae
1281 2263 1329 2311 se
1365 2265 1574 2312 ferentes

179 2349 537 2401 oppugnatores
554 2333 651 2380 iam
667 2333 860 2380 moenia
880 2346 1218 2396 perurgerent,
1257 2351 1369 2378 cum
1389 2332 1577 2396 sagitta-

178 2405 261 2452 riis
280 2403 580 2463 funditores,
608 2402 690 2448 alii
710 2401 975 2466 quinetiam
996 2400 1101 2448 saxa
1132 2402 1380 2448 volventes
1408 2401 1575 2464 ingen-

178 2474 269 2534 tia,
301 2491 415 2520 cum
446 2472 634 2520 facibus
662 2484 709 2518 ct
739 2470 973 2517 malleolis
1009 2488 1090 2517 eos
1119 2469 1310 2532 longius
1331 2469 1575 2534 propulsa-

176 2543 321 2588 bant:
370 2555 474 2588 tuni
498 2554 686 2604 aptatae
704 2537 875 2602 ligneis
897 2538 1075 2601 sagittis
1093 2538 1304 2585 ballistae
1327 2541 1452 2585 flexu
1477 2538 1575 2584 stri-

177 2609 395 2674 dorcque
419 2611 793 2675 torquebantur,
822 2608 1114 2656 creberrima
1136 2607 1314 2672 spicula
1334 2606 1575 2654 funditan-

175 2723 248 2731 ³...-

224 2776 264 2821 a)
291 2776 333 2811 τό
364 2780 509 2808 nonnae
543 2772 640 2809 deest
670 2771 715 2808 al.
763 2772 805 2819 3)
831 2770 898 2807 ΜΓ.
928 2767 1070 2819 plumae
1100 2780 1326 2819 conceptum.

1066 2850 1075 2874 l
