1727 3144
259 190 352 235 186
493 199 777 232 AMMIANI
821 199 1213 232 manciani-‘1
1255 200 1360 246 ια,
1407 201 1451 246 7.

254 312 545 377 pinquantes
566 311 628 359 ad
651 311 930 360 coniectum
952 328 1128 359 venere
1147 310 1355 358 telorum
1369 348 1382 372 ,
1427 308 1661 375 oppositis

253 380 399 429 scutis
431 381 601 429 Persae
639 381 828 446 pedites
859 379 1052 444 sagittas
1085 381 1340 427 tormentis
1369 380 1576 428 exculsas
1637 395 1663 426 e

256 450 406 497 muris
454 451 640 515 aegrius
685 451 943 510 evitantes,
1004 451 1226 496 laxarunt
1265 449 1443 509 aciem,
1525 447 1663 495 nullo

254 536 408 584 ’paene
432 520 571 567 iaculi
597 537 770 582 genere
795 524 844 568 in
865 537 1043 566 vanum
1069 517 1298 565 cadente:
1349 517 1492 565 etiam
1524 530 1665 564 cata-

254 588 443 651 phraeti
475 588 692 635 hebetati
727 603 774 636 et
803 588 1031 636 cedentes
1063 587 1249 634 animos
1270 604 1443 634 auxeio
1466 586 1665 633 nostro-

204 655 234 700 5
256 676 377 704 ium.
450 657 494 704 T
500 674 666 718 amen,
704 648 817 722 quia
837 657 1032 704 hostiles
1056 656 1262 703 ballistae
1284 654 1504 703 ferratis
1493 671 1665 718 impo-

254 725 368 773 fitae
405 726 647 786 tuiribns,
697 726 749 773 in
778 726 1042 774 humiliora
1079 742 1140 773 ex
1179 723 1398 788 lupeinis
1437 723 1665 783 valentes,

251 809 308 844 ut
337 795 449 842 loco
480 794 688 858 dispari,
759 795 826 842 ita
855 809 1031 842 eventu
1064 793 1276 840 dissimili
1315 792 1475 840 nostra
1507 791 1665 838 multo

252 881 427 911 cruoie
454 862 743 911 foedabant:
809 864 1065 927 ingruente
1093 863 1187 908 iam
1221 859 1415 926 vespeia
1442 878 1555 908 cum
1577 876 1665 921 re-

253 930 558 998 quiesceient
589 947 776 1009 partes3
818 933 976 979 noctis
1005 930 1213 995 spatium
1242 931 1396 977 maius
1426 926 1666 978 consum-

251 1016 395 1067 ptum
416 1002 509 1061 est,
538 1014 593 1047 ut
614 1001 880 1065 excogitari
905 1000 1076 1065 possit,
1103 997 1234 1064 quid
1257 999 1410 1048 exitio
1435 999 1502 1046 ita
1524 1010 1666 1044 atro-—

253 1071 300 1117 ci
327 1069 668 1117 obiectaretui.

206 1133 234 1172 5
348 1137 411 1184 Et
444 1135 641 1183 tandem
673 1135 824 1181 multa
848 1133 1148 1182 versanubus
1173 1134 1316 1182 nobis
1345 1132 1471 1182 sedit
1492 1132 1660 1181 conh-

248 1206 398 1265 liuni‚
446 1203 582 1269 quod
618 1204 767 1251 tutius
798 1202 1016 1249 celeritas
1050 1202 1195 1261 fecit,
1243 1217 1454 1267 quatuor
1486 1201 1664 1249 iisdem

247 1274 446 1322 ballistis
471 1272 572 1320 [coi
577 1273 747 1337 piones
769 1271 983 1335 opponi:
1021 1270 1106 1334 qui
1130 1269 1248 1317 dum
1272 1272 1490 1318 tianslati
1513 1289 1538 1319 e
1577 1289 1663 1318 re-

249 1348 394 1408 gione
417 1356 581 1402 caute,
629 1340 766 1407 quod
795 1340 908 1387 artis
935 1339 1000 1386 est
1029 1338 1371 1400 difficillimae,
1410 1340 1664 1387 collocan-

252 1428 332 1459 tur
347 1449 359 1472 ‚
400 1412 485 1458 lux
517 1411 659 1457 nobis
692 1408 890 1456 advenit
918 1407 1244 1469 maestissima‚
1280 1407 1536 1456 Persarum
1552 1426 1666 1455 ma·-

251 1481 451 1545 nipulos
486 1479 777 1527 foimidatos
809 1491 1081 1537 ostentans,
1127 1477 1328 1524 adiectis
1367 1477 1666 1541 elephanto-

253 1569 364 1597 ium
395 1548 697 1612 agminibus,
760 1564 973 1611 quorum
1014 1544 1218 1593 stridoie
1264 1546 1663 1611 immanitateque

253 1636 521 1682 corporum
542 1616 669 1662 nihil
689 1616 926 1662 humanae
947 1628 1132 1660 mentes
1154 1615 1418 1662 terribilius
1439 1633 1521 1662 cei
1523 1628 1660 1662 nunt

207 1689 474 1750 '7Cumque
495 1684 629 1731 omni
652 1702 706 1730 ex
729 1683 878 1729 latere
899 1700 1146 1729 armorum
1166 1697 1213 1730 et
1236 1701 1441 1746 operum
1465 1684 1664 1731 bellua-

250 1772 459 1818 rumque
490 1753 703 1801 molibus
735 1768 1043 1814 urgeremur,
1095 1769 1181 1814 per
1212 1751 1527 1816 scorpionum
1555 1753 1661 1800 fer—

247 1842 353 1873 reas
377 1820 552 1869 fundas
580 1839 604 1868 e
626 1819 1002 1896 propugnaculis
1023 1818 1229 1867 subinde
1255 1819 1453 1868 rotundi
1473 1821 1662 1884 lapides

249 1893 362 1951 icti,
399 1889 636 1937 dissolutis
656 1888 863 1936 turrium
885 1889 1200 1951 coagmentis,
1229 1889 1436 1936 ballistas
1461 1907 1660 1936 earum-

251 1979 346 2025 que
368 1973 577 2006 tortoles
599 1958 664 2004 ita
684 1955 854 2004 fudere
876 1956 1188 2020 praecipites,
1223 1971 1278 2004 ut
1306 1956 1507 2020 quidam
1537 1959 1660 2008 citia

249 2030 512 2079 vulnerum
533 2044 698 2086 noxas,
729 2025 810 2072 alii
831 2025 1001 2073 obtriti
1024 2024 1358 2088 magnitudine
1383 2025 1660 2090 ponderum

250 2097 532 2146 interirent:
590 2094 860 2159 elephantis
894 2093 942 2141 vi
983 2112 1155 2157 magna
1200 2093 1468 2158 propullis,
1533 2114 1686 2161 quos

252 2167 460 2215 flammis
491 2164 725 2212 coniectis
753 2161 973 2226 undique
1005 2162 1368 2225 circumnmms,
1418 2164 1516 2211 iam
1552 2183 1659 2212 cor-

252 2235 457 2301 poribus
486 2233 652 2294 tactis,
681 2230 1052 2296 gradientesque
1080 2231 1340 2291 retrorsus,
1386 2233 1421 2297 ¹)
1452 2233 1658 2281 retineie

252 2303 468 2367 magistri
503 2320 604 2351 non
650 2314 900 2365 poterant:
959 2299 1162 2366 postque
1201 2300 1372 2347 exustis
1410 2302 1657 2367 operibus,

203 2377 236 2419 3
253 2374 384 2419 nulla
410 2371 546 2436 quies
565 2370 909 2418 certaminibus
932 2367 1057 2415 data.
1130 2369 1231 2416 Rex
1266 2369 1395 2416 euim
1422 2369 1523 2432 ipse
1549 2370 1661 2417 Per-

250 2441 438 2502 sarum,
475 2440 561 2505 qui
591 2457 855 2503 numquam
890 2436 1046 2484 adess‘e
1078 2437 1425 2485 certaminibus
1452 2438 1661 2502 cogitur,

251 2510 332 2557 his
371 2510 624 2557 turbinum
655 2506 932 2554 infortuniis
973 2506 1211 2570 percitus,
1282 2523 1412 2553 novo
1445 2520 1491 2553 et
1522 2525 1659 2554 num-

257 2598 404 2642 quam
434 2591 543 2625 ante
576 2576 774 2641 cognito
806 2593 967 2636 more,
1017 2574 1324 2639 proeliatoris
1356 2574 1523 2621 militis
1563 2576 1659 2625 ritu

255 2646 477 2709 proliluit
508 2647 561 2694 iu
591 2646 868 2694 confertos:
917 2658 965 2693 et
996 2645 1110 2709 quia
1149 2642 1456 2708 conspectior
1498 2658 1659 2708 tegen-

303 2812 335 2851 ι)
360 2807 426 2841 ΜΓ.
452 2821 583 2844 recerc.
