1727 3144
246 169 684 201 cONsTANTms
719 170 793 200 ET
836 169 1160 202 nymmvus.
1234 160 1350 206 355.
1454 157 1516 220 75

1268 239 1279 259 Y

110 277 284 328 dextro
308 276 710 343 Lugdunensem:
743 293 791 332 et
817 277 1036 328 emensus
1057 277 1097 345 ⁶)
1119 279 1268 358 spatia
1286 284 1514 345 flexuosa,

107 346 300 396 Ararim
325 349 493 413 (quem
514 349 819 396 Sauconnam
846 348 1109 415 adpellant)
1142 350 1270 399 iuter
1302 351 1464 399 Gemi
1458 373 1517 398 1-

105 416 235 462 niam
268 418 472 481 primam
507 420 766 471 fluentem
803 417 980 466 suum
968 437 1020 466 m
1058 437 1238 468 nomen
1268 418 1514 469 adsciscit:

102 484 194 551 ,qui
225 486 364 533 locus
398 487 659 535 cxo1dium
692 486 759 535 est
787 488 1070 535 Gallianum.
1151 489 1190 554 ⁷)
1229 489 1516 554 Exindeque

106 571 208 601 non
233 555 443 604 millenis
466 557 698 622 passlbus,
743 555 830 604 sed
851 556 890 622 ⁸)
911 559 1066 619 leugis
1092 557 1265 605 itinera
1293 560 1517 607 metiun-

106 635 201 672 tur.
285 624 418 672 Hinc
460 625 728 687 Rhodanus
775 626 912 691 aquis
959 626 1156 673 advenis
1201 628 1515 693 locupletior,

104 694 243 741 vehit
261 695 584 759 grandiffimas
605 713 773 756 naves,
807 709 1067 743 ventorum
1088 698 1126 761 ⁹)
1154 694 1340 744 difflatu
1363 698 1519 744 iacta-

99 763 148 815 ri
178 761 367 828 saepius
401 762 644 813 adsuetas:
687 765 746 830 ω·)
780 764 1031 830 finitisque
1062 765 1350 827 intervallis,
1394 785 1516 831 quae

105 833 153 881 ci
185 847 350 880 natura
375 832 704 898 praescripsit,
745 833 973 899 spumeus
1009 835 1200 882 Gallico
1238 837 1358 882 mari
1387 854 1518 885 con-

103 917 395 966 corporatur
422 922 510 968 per
537 904 754 968 patulum
782 902 964 963 finum,
1028 922 1176 968 quem
1219 919 1396 955 vocant
1434 903 1519 954 Ad

107 971 328 1034 Gradus,
375 973 435 1019 ab
465 972 661 1020 Arelate
701 986 873 1021 octavo
917 972 1113 1021 decimo
1157 974 1310 1022 ferme
1355 973 1518 1038 lapide

106 1040 419 1105 disparatum.
490 1039 569 1090 Sit
588 1041 697 1090 satis
718 1041 779 1090 de
806 1042 900 1089 litu
927 1043 1180 1092 locorum:
1223 1062 1354 1107 nunc
1381 1047 1519 1108 sign-

106 1129 179 1158 ras
207 1124 255 1157 et
273 1130 436 1159 mores
455 1111 716 1160 hominum
734 1111 1011 1176 delignabo.

199 1181 323 1229 XII.
375 1181 601 1229 Cellioris
629 1181 832 1230 staturae
871 1195 918 1229 et
953 1180 1152 1232 candidi
1195 1199 1348 1246 paene
1389 1179 1518 1228 Galli

92 1246 212 1295 ‘sunt
241 1267 436 1311 omneS,
478 1265 525 1298 et
559 1251 717 1312 rutili,
752 1251 1094 1315 luminumque
1117 1251 1342 1298 torvitate
1367 1250 1520 1296 terri—

105 1317 252 1378 biles,
293 1319 422 1365 avidi
453 1319 751 1382 iurgiorum,
801 1334 849 1366 et
888 1318 1119 1365 sublatius
1159 1318 1516 1382 inlolefiteutes.

103 1385 212 1434 Nec
247 1388 376 1434 enim
412 1405 583 1435 eorum
616 1404 910 1451 quemquam
935 1385 1152 1434 adhibita
1173 1405 1325 1435 uxore
1353 1387 1520 1435 rixan-

107 1468 233 1517 tem,
265 1457 422 1504 multo
441 1455 646 1504 fortiore
679 1470 726 1503 et
759 1457 947 1519 glauca,
987 1456 1359 1520 peregrinorum
1391 1457 1519 1504 ferre

106 1526 293 1589 poterit
315 1526 515 1589 globus:
551 1538 655 1571 tum
677 1525 883 1572 maxime
903 1544 1018 1572 cuni
1038 1525 1119 1571 illa
1144 1525 1305 1571 inflata
1329 1525 1520 1573 cervice

106 1593 439 1656 suffrendens,
483 1592 858 1658 ponderansque
888 1593 1050 1639 niveas
1093 1594 1227 1639 ulnas
1273 1607 1320 1640 et
1357 1593 1520 1655 vastas,

51 1670 53 1676 ⁴
109 1662 320 1711 admistis
339 1663 552 1711 calcibus
574 1662 795 1708 emittere
819 1662 1039 1726 coeperit
1056 1679 1248 1725 pugnos
1263 1698 1275 1722 ,
1307 1677 1360 1708 ut
1387 1677 1521 1708 cata-

106 1733 264 1796 pultas
289 1732 534 1780 toltilibus
554 1731 715 1778 nervis
748 1730 970 1778 excuffas.
1051 1729 1345 1778 Metuendae
1376 1749 1519 1779 voces

107 1802 438 1866 complurium
468 1814 516 1848 et
545 1800 782 1861 minaces,
831 1801 1130 1865 placatolum
1162 1799 1293 1849 iuxta
1332 1814 1380 1848 et
1419 1800 1521 1848 ira-

104 1867 370 1921 scentium:
407 1868 520 1918 terfi
537 1884 696 1916 tamen
721 1869 822 1933 pari
846 1869 1069 1934 diligenti
1074 1889 1097 1916 Ἰ
1115 1869 1280 1917 cuncti
1302 1883 1349 1917 et
1368 1889 1523 1917 mun-

111 1940 187 1987 di:
262 1958 354 1988 nec
400 1940 458 1987 in
527 1939 760 1986 tractibus
829 1938 951 2000 illis,
1028 1938 1338 2003 maximeque
1392 1938 1523 2004 apud

109 2009 147 2075 ¹)
178 2009 477 2074 Aquitanos,
522 2008 707 2075 poterit
747 2007 921 2070 aliquis
961 2007 1145 2069 videri,
1210 2011 1287 2057 vel
1326 2009 1521 2070 femina,

105 2078 224 2127 lieet
272 2097 509 2145 perquam
547 2096 758 2143 pauper,
812 2092 868 2124 ut
915 2077 1057 2138 alibi,
1107 2078 1266 2125 frustis
1307 2078 1522 2142 squalere

1542 1746 1569 1775 2

107 2165 402 2213 pannorum.
474 2147 558 2195 Ad
580 2145 888 2194 militandum
914 2148 1072 2201 Omnis
1105 2161 1231 2195 aetas
1265 2147 1520 2213 aptissima:
1542 2157 1572 2201 5

55 2215 59 2221 ⁹
111 2231 160 2265 et
185 2217 287 2281 pari
316 2217 530 2282 pectoris
558 2218 738 2265 robore
776 2215 918 2263 senex
945 2216 1003 2263 ad
1034 2217 1346 2281 procinctum
1373 2215 1526 2265 duci*

111 2298 192 2333 tur
221 2299 269 2334 et
293 2286 512 2348 adultus,
561 2286 672 2350 gelu
701 2286 883 2333 duratis
913 2286 1096 2332 artibus
1126 2299 1173 2333 et
1193 2286 1359 2332 labore
1389 2283 1522 2331 adsi—-

113 2353 242 2417 duo,
275 2355 427 2402 multa
442 2368 812 2418 contempturus
848 2370 895 2402 ct
924 2354 1261 2402 formidanda:
1307 2371 1396 2400 nec
1431 2371 1524 2400 eo·

113 2442 223 2472 rum
245 2423 506 2488 aliquando
525 2424 805 2488 quisquam,
834 2439 889 2470 ut
912 2424 961 2470 in
989 2425 1146 2483 Italia,
1180 2440 1355 2473 munus
1383 2422 1525 2469 Mar-

113 2493 237 2541 tium
265 2491 636 2558 pertimescens,
683 2494 915 2558 pollicem
950 2492 1043 2540 fibi
1082 2490 1343 2558 praecidit,
1401 2509 1528 2555 quos

160 2681 201 2723 6)
221 2679 290 2715 Ms.
316 2680 429 2728 spatio
459 2679 520 2714 flu
523 2677 644 2713 moso.
701 2682 736 2726 7)
763 2682 814 2714 al.
853 2679 1003 2713 Exinde.
1051 2675 1178 2723 3)]1s.
1201 2675 1328 2724 leugIs.
1390 2678 1427 2723 9)
1457 2674 1526 2710 ΜΓ.

122 2723 274 2761 difflatu.
322 2735 379 2770 ιο)
405 2726 473 2761 Ms.
504 2727 685 2773 finitisque
714 2727 785 2761 imu-
780 2726 906 2760 nauis
931 2738 1033 2772 qu41u.
1093 2726 1128 2776 Ἰ)
1154 2723 1222 2757 Ml.
1252 2704 1380 2771 Aquit.
1406 2749 1414 2757 .
1438 2748 1446 2756 .
1495 2750 1501 2756 .

122 2773 255 2818 poterit
290 2772 420 2823 aliquis
451 2787 471 2807 v
492 2799 500 2807 .
523 2799 531 2806 .
556 2799 562 2806 .
590 2799 599 2806 .
654 2774 705 2807 al.
736 2774 965 2821 Aquitaniam
990 2772 1122 2819 pote-tit
1148 2770 1220 2805 vid.
