1727 3144
213 185 646 217 CONSTANTIUS
686 185 764 216 ΕΤ
799 185 1123 217 IULIANUS.
1198 173 1312 235 557.
1389 194 1477 224 101

68 310 174 346 rent
193 295 384 342 barbari
408 295 694 359 congiobati
713 313 721 342 :
761 293 846 360 qui
865 294 902 342 fi
921 296 991 361 ⁴⁴)
1013 294 1347 358 diffluxiffent‚
1382 319 1485 349 mo-

69 382 167 415 tum
200 365 369 422 militis
401 364 452 411 in
483 363 748 412 seditiones
778 364 942 413 nativo
964 365 1126 428 calore
1149 367 1479 430 propensioris

63 435 177 483 ferri
207 452 309 482 non
343 434 476 499 posse
507 433 691 495 aiebat,
726 447 965 483 extortam
989 433 1081 481 fibi
1107 435 1389 496 victoriam,
1425 454 1478 485 ut

46 525 49 529 ·
59 504 272 570 putavit,
305 522 403 551 non
426 504 524 551 fine
547 503 835 552 ultimorum
851 518 1028 551 conatu
1062 505 1269 568 graviter
1301 507 1476 553 tolera-

56 575 170 621 turi.
241 571 518 630 Addiderat
540 587 703 621 autem
732 572 965 620 fiduciam
998 573 1170 622 nostris
1199 574 1536 626 confidem-15

53 644 125 691 tio
189 643 407 707 gemina:
442 662 447 686 ff
472 641 871 704 recordantibus,
942 643 1078 707 quod
1133 661 1259 691 anno
1313 663 1471 709 nuper

53 711 248 760 emenso
269 711 500 759 Romanis
528 729 614 776 'per
644 711 990 759 transrhenana
1027 711 1176 776 spatia
1202 712 1351 760 fufius
1386 732 1470 762 vo-

26 820 29 823 .
48 781 301 830 litantibus
316 817 329 842 ,
360 798 451 828 nec
475 781 598 838 visus
620 780 685 828 est
709 781 970 847 quisquam
991 782 1104 828 laris
1127 782 1200 828 sui
1223 782 1466 846 defensor,

48 869 138 898 nec
165 850 339 898 obvius
360 849 514 897 stetit:
552 848 639 897 sed
665 849 910 904 concaede
939 852 1173 898 arborum
1205 851 1350 899 densa
1377 871 1467 899 un-

0 931 23 971 ,“
51 919 200 984 dique
220 917 402 966 semitis
424 918 618 980 claufis,
651 919 1008 976 fidere'urente
1038 921 1276 981 brumali,
1319 939 1462 986 aegre

47 990 207 1037 vixere
230 989 426 1036 barbari
445 988 638 1053 longius
660 988 929 1038 amandati:
978 990 1211 1055 quodque
1248 991 1462 1056 Impera-

44 1072 332 1121 tore-terras
366 1076 539 1106 eorum
573 1058 806 1123 ingresso,
850 1078 939 1107 nee
970 1059 1181 1108 refistere
1208 1059 1331 1121 anfi,
1367 1078 1459 1109 nee

43 1126 304 1191 adparere,
351 1146 522 1192 pacem
564 1127 949 1192 impetraverunt
988 1128 1276 1194 suppliciter
1322 1128 1459 1177 obse-

1 1203 4 1232 *
39 1211 242 1244 orantes.
324 1196 425 1244 Sed
470 1197 633 1244 nullus
668 1205 904 1245 mutatam
944 1199 1181 1246 rationem
1219 1199 1455 1261 temporis
1469 1199 1521 1242 16

41 1266 347 1326 advertebat,
382 1265 521 1330 quod
552 1279 668 1312 tunc
701 1266 948 1330 tripertito
979 1267 1132 1314 exitio
1168 1267 1454 1330 premeban-

38 1348 143 1381 tur:
179 1334 484 1398 Imperatore
503 1347 707 1395 urgente
729 1340 825 1397 per'
837 1336 1039 1395 Raetias,
1073 1334 1269 1382 Caesare
1291 1336 1453 1400 proxi-

37 1421 133 1452 mos
171 1420 412 1467 nusquam
461 1401 590 1449 elabi
627 1402 968 1466 permittente,
1029 1403 1276 1464 finitimis,
1325 1422 1449 1469 quos

35 1471 197 1519 hostes
230 1472 390 1518 fecere
421 1468 723 1531 discordiae,
768 1471 920 1518 modo
951 1490 1051 1518 uon
1081 1473 1312 1536 occipitia
1333 1491 1448 1522 con-

35 1541 343 1589 culcantibus
375 1539 492 1586 hinc
527 1538 740 1602 indeque
760 1540 1052 1587 cinctorum.
1125 1539 1296 1589 Postea
1328 1560 1446 1590 vero

31 1627 153 1676 pace
178 1609 311 1669 data,
349 1606 624 1665 discess'erat
651 1608 954 1670 Imperator:
995 1621 1043 1654 et
1075 1606 1236 1655 sedata
1264 1611 1445 1675 iurgio-

32 1698 143 1726 rum
175 1677 401 1740 materia,
444 1676 633 1723 vicinae
661 1686 827 1739 gentes
849 1676 945 1722 iam
967 1676 1359 1726 concordabant:
1396 1694 1443 1727 et

27 1747 324 1813 turpiffimus
351 1745 490 1792 ducis
511 1744 719 1792 Romani
741 1744 974 1809 digreffus
1005 1746 1239 1793 ferociam
1270 1762 1442 1795 natura

27 1831 317 1881 conceptam
347 1814 480 1861 auxit
508 1814 558 1860 in
586 1814 756 1861 maius.
839 1815 954 1861 Alio
989 1814 1163 1863 itidem
1186 1816 1339 1863 modo
1365 1836 1438 1865 res
1453 1842 1505 1885 17

28 1886 93 1935 eft
125 1885 381 1950 adgravata
420 1883 635 1930 Romana
664 1901 727 1930 ex
764 1883 964 1947 negotio
996 1884 1096 1930 tali.
1201 1885 1256 1951 ¹⁵)
1298 1886 1438 1951 Regii

29 1955 129 2002 duo
170 1955 343 2002 fratres
390 1952 588 2001 vinculo
631 1952 764 2017 pacis
811 1952 1052 2014 adstricti,
1108 1971 1256 2018 quam
1306 1975 1435 2002 anno

24 2024 287 2090 praeterito
320 2023 699 2087 impetraverant
730 2041 756 2069 a
787 2021 1094 2084 Constantio,
1137 2041 1226 2070 nee
1258 2026 1434 2072 tumui,-

27 2107 180 2151 mare,
210 2110 299 2142 nee
320 2092 620 2139 commoveri
647 2089 753 2138 sunt
777 2089 891 2138 aufi.
963 2090 1064 2138 Sed
1084 2093 1250 2155 paullo
1273 2094 1434 2158 postca

26 2180 125 2210 uno
162 2181 219 2210 ex
249 2161 326 2216 his
361 2158 724 2222 Gundomado,
765 2160 852 2225 qui
880 2159 1047 2225 potior
1078 2175 1180 2208 erat
1216 2161 1430 2225 fideique

27 2230 282 2293 firmioris,
323 2247 411 2295 per
439 2228 634 2276 infidias
660 2231 981 2294 interempto,
1030 2230 1189 2277 omnis
1218 2232 1318 2278 eius
1352 2249 1435 2294 po-

24 2302 167 2363 pulus
188 2296 301 2348 cum
321 2298 493 2346 nostris
513 2298 733 2346 hostibus
757 2298 1075 2363 conspiravit:
1113 2313 1161 2347 et
1178 2299 1434 2346 confestim

23 2367 310 2418 Vadomarii
329 2366 385 2433 ¹⁶)
409 2368 574 2431 plebs,
607 2381 663 2414 ut
684 2366 963 2428 adferebat,
1004 2368 1278 2431 agminibus
1309 2368 1435 2415 bella
1502 2422 1505 2426 ⁴

27 2438 259 2485 cientium
280 2439 599 2485 barbarorum
622 2435 716 2485 sese
741 2438 1011 2488 coniunxit,

129 2507 329 2555 Cunctis
372 2506 518 2570 igitur
555 2503 753 2553 summis
788 2506 1070 2570 infimisque
1120 2502 1495 2568 adprobanti-18

29 2573 134 2636 bus,
165 2590 279 2623 tune
300 2589 578 2640 opportune
602 2574 1043 2640 congrediendum,
1078 2591 1167 2620 nec
1192 2573 1252 2621 de
1273 2573 1432 2638 rigore

78 2762 138 2807 ¹4)
187 2763 237 2795 al.
287 2760 518 2796 deflexissent.
599 2762 656 2801 15)
710 2758 780 2795 Ms.
831 2761 912 2797 R‹·fi
967 2761 1052 2796 duo.
1131 2760 1188 2806 16)
1220 2759 1289 2796 Ms.
1330 2759 1433 2809 plebs

67 2832 74 2839 .
107 2833 115 2839 .
149 2833 154 2838 .
183 2833 190 2842 .
224 2834 232 2840 .
263 2833 270 2841 .
305 2834 313 2841 .
392 2834 400 2841 .
435 2834 441 2840 .
472 2817 510 2841 ut
541 2805 723 2841 asserebat.
