1727 3144
224 149 322 198 556
496 163 764 198 ΛΜΜιΑΝι
801 166 1199 201 mance-Lmen
1230 170 1360 217 xxx,
1403 172 1447 219 7.

225 273 511 339 suffragante
538 275 799 337 virtutum,
832 276 1087 325 indutibus
1117 277 1458 343 imperatoriae
1492 281 1637 330 maie·

225 344 355 391 statis
385 343 515 407 apud
556 344 790 394 Nicaeam
823 361 1044 407 ornatus,
1095 349 1145 393 in
1182 347 1451 412 Augustum
1490 351 1637 399 colle-

227 415 362 476 gium
382 414 578 461 fratrem
613 414 870 462 Valentem
901 415 1128 477 adscivit,
1168 431 1223 462 ut
1250 419 1284 482 ¹)
1308 419 1636 481 germanitate,

224 483 290 529 ita
322 482 588 530 concordia
617 482 708 530 libi
739 483 1109 547 iunctiffinrum,
1158 485 1284 533 inter
1321 488 1501 551 probra
1540 507 1638 536 me·

228 551 364 599 dium
398 566 445 598 et
479 552 765 616 praecipua,
805 572 928 618 quae
954 555 1066 603 loco
1109 553 1398 603 docebimus
1441 574 1637 621 compe-

182 628 210 673 5
228 623 363 669 tenti.
436 622 592 686 Igitur
614 622 1007 684 Valentinianus,
1052 624 1157 690 post
1180 624 1510 687 periculorum
1533 643 1638 673 mo-

223 690 378 737 lestias
403 692 589 753 plureS,
627 690 744 738 dum
783 690 895 740 effet
926 693 1168 757 privatuS,
1212 693 1450 755 emensas,
1485 695 1636 758 impe-

223 760 367 812 ritare
390 760 430 823 ²)
457 761 675 821 exorsus,
710 778 842 808 arces
868 779 1022 825 prope
1047 762 1246 810 flumina
1272 762 1379 810 [itas
1402 776 1449 810 et
1472 764 1637 824 urbes,

225 843 271 875 et
301 829 483 876 Gallias
533 830 670 893 petiit
709 828 1041 878 Alamannicis
1083 845 1301 895 patentes
1342 830 1635 894 excursibus,

220 898 621 946 reviviscentibus
673 900 881 944 erectius
924 900 1122 962 cognito
1172 899 1411 964 Principis
1456 900 1636 947 Iuliani

220 968 447 1027 interim,
479 985 625 1031 quem
651 964 755 1028 post
779 965 1089 1014 Constantem
1111 967 1264 1014 solum
1293 969 1512 1026 omnium
1538 969 1636 1016 for-

176 1053 204 1095 6
221 1035 489 1083 nnidabant.
564 1034 686 1082 Ideo
708 1047 868 1079 autem
894 1035 1038 1082 etiam
1061 1036 1431 1083 Valentinianus
1457 1037 1635 1085 merito

219 1105 508 1162 timebatur,
553 1101 687 1169 quod
717 1103 849 1150 auxit
884 1116 931 1150 et
959 1105 1193 1152 exercitus
1233 1105 1396 1151 valido
1445 1106 1634 1170 supple-

219 1190 418 1236 mento,
480 1187 528 1221 et
570 1173 835 1236 utrobique
876 1171 1103 1220 Rhenum
1143 1171 1427 1221 cellioribus
1468 1175 1631 1222 castris

217 1246 428 1292 munivit
451 1258 595 1308 atque
617 1241 844 1301 castellis,
876 1259 936 1288 ne
966 1242 1114 1290 latere
1146 1260 1353 1307 usquam
1384 1243 1534 1291 hostis
1567 1241 1632 1291 ad

219 1316 379 1363 nostra
402 1314 445 1361 se
472 1313 745 1378 proripiens
780 1310 936 1374 poffit.
1332 1327 1335 1330 ·

170 1405 201 1448 7
293 1385 454 1449 thue
476 1383 627 1430 multa
651 1389 1034 1446 praetereamus,
1079 1397 1203 1444 quae
1235 1381 1332 1445 egit
1359 1381 1634 1430 moderato·-

217 1455 283 1502 ris
320 1455 609 1501 anctoritate
648 1449 866 1509 fundati,
911 1466 1133 1514 quaeque
1169 1467 1255 1513 per
1295 1449 1342 1498 se
1371 1453 1448 1499 vel
1482 1452 1631 1499 duces

216 1527 430 1575 correxit
448 1521 733 1572 industrios:
772 1518 877 1583 post
903 1518 1191 1565 Gratianum
1221 1519 1379 1566 filium
1405 1521 1457 1567 in
1481 1520 1633 1569 socie-

216 1610 363 1644 tatem
398 1593 509 1641 suae
529 1589 776 1657 potestatis
808 1585 1142 1650 adsumptum,
1180 1588 1523 1652 Vithigabium
1559 1607 1631 1637 re-

215 1684 324 1730 gem
348 1664 736 1712 Alamannorum
761 1655 1056 1705 Vadomario
1081 1657 1324 1718 genitum,
1354 1657 1631 1706 adulescen-

214 1749 314 1782 tem
341 1735 391 1780 in
421 1735 543 1779 flore
572 1729 733 1794 primo
765 1744 997 1790 genarum
1030 1726 1250 1773 nationes
1289 1725 1352 1773 ad
1392 1728 1630 1774 tumultus

213 1804 427 1850 cientem
473 1814 522 1848 et
558 1798 713 1854 bella,
762 1797 912 1855 clam,
967 1793 1080 1857 quia
1110 1812 1209 1841 non
1244 1796 1408 1858 potuit
1445 1811 1627 1860 aperte,

214 1870 465 1918 confodit:
500 1882 547 1915 et
562 1865 842 1915 Alamannis
863 1860 1138 1926 congress'us
1159 1881 1313 1927 prope
1333 1865 1626 1912 Solicinium

211 1941 404 1997 locum,
456 1937 544 1982 ubi
575 1933 761 1981 insidiis
802 1949 952 1996 paene
993 1932 1201 1994 perierat
1247 1933 1625 1995 circumventus,

211 2008 275 2056 ad
296 2006 496 2055 exitium
515 2002 744 2048 ultimum
768 2000 929 2047 delere
952 2000 1114 2061 potuit
1136 2000 1412 2062 universos,
1439 2003 1490 2048 ni
1508 2020 1625 2067 pan-

208 2095 295 2125 cos
317 2075 458 2123 velox
476 2071 706 2134 effugium
727 2067 940 2115 tenebris
965 2066 1270 2114 amandass'et.

163 2151 191 2194 8
311 2145 445 2192 Inter
464 2142 586 2187 haec
604 2153 762 2184 tamen
784 2148 923 2182 caute
947 2134 1096 2197 gesta,
1136 2136 1232 2181 iam
1267 2135 1527 2185 conversos
1557 2135 1622 2184 ad

207 2211 524 2264 metuendam
545 2207 726 2255 rabiem
749 2205 992 2262 Saxonas,
1023 2202 1212 2267 semper
1240 2206 1463 2270 quolibet
1491 2206 1622 2254 inex-

205 2286 401 2350 plorato
439 2291 657 2336 ruentes,
704 2274 987 2335 delatosque
1018 2286 1134 2320 tunc
1171 2273 1232 2319 ad
1260 2274 1503 2324 terrestres
1527 2288 1620 2322 tra-

207 2367 340 2411 ctuS,
387 2365 600 2415 quorum
638 2343 802 2409 spoliis
846 2359 995 2405 paene
1041 2340 1285 2389 redierant
1328 2343 1616 2407 locupletes,

206 2418 438 2471 malefido
495 2413 724 2480 quidem,
768 2410 852 2458 sed
904 2411 1014 2457 utili
1064 2424 1345 2460 commento
1390 2415 1614 2476 peremit,

205 2489 388 2556 praeda
415 2484 692 2550 raptoribus
721 2481 769 2529 vi
793 2479 954 2527 fractis
980 2478 1180 2527 excussa.

159 2574 186 2616 9
303 2555 582 2618 Itidemque
640 2550 922 2608 Britannos,
982 2563 1192 2596 catervas
1249 2546 1611 2611 superfusorum

202 2626 414 2684 hostium
437 2641 538 2671 non
569 2622 801 2681 ferentes,
843 2617 926 2684 spe
954 2617 1215 2666 meliorum
1245 2616 1521 2682 adsumpta,
1558 2618 1609 2664 in

250 2792 282 2835 ι)
309 2788 378 2825 Mf.
407 2788 640 2838 germanitate
671 2787 720 2822 ita
744 2784 951 2822 concordia.
999 2786 1037 2832 2)
1062 2783 1130 2819 Ms-
1158 2782 1298 2820 exorsus
1328 2793 1367 2819 ut
1391 2795 1500 2818 arces,
