1727 3144
187 144 274 188 140
418 154 684 186 AMMlANl
713 151 1088 186 MARcELMNt
1121 154 1259 199 xvu,
1297 140 1371 185 15.

180 265 241 314 ad
285 264 553 329 longinqua
593 263 814 311 translati
852 262 1130 310 amitterent
1183 264 1379 327 copiam
1424 262 1582 312 nostra

177 334 410 395 vexandi:
458 351 580 398 quos
608 332 822 397 pericula
862 331 1125 379 formidare
1168 334 1400 381 monebat
1438 331 1583 379 scele-

134 413 164 463 3
179 410 287 452 rum
310 401 605 452 conscientia
627 400 816 448 diutius
833 400 1215 448 commistorum.
1285 401 1507 466 Ideoque
1531 399 1583 446 in

175 473 223 521 se
256 490 444 538 pugnae
469 473 653 519 molem
685 468 911 534 suspicati
934 469 1245 532 vertendam,
1278 469 1420 518 dolos
1451 487 1585 534 para-

175 544 314 604 bant,
345 556 392 589 et
413 542 614 600 ferrum,
630 556 631 560 ’
646 553 693 587 et
713 557 896 604 preces.
967 540 1154 587 Verum
1174 538 1403 604 adspectu
1421 538 1584 603 primo

175 612 413 660 exercitus
443 625 692 676 tamquam
726 608 944 655 fulminis
973 608 1076 656 ictu
1100 608 1341 673 perculsi,
1393 607 1586 655 ultima-

176 700 271 746 que
300 680 594 744 cogitantes,
638 678 788 726 vitam
815 677 1023 742 precati,
1072 678 1311 725 tributum
1352 694 1583 736 annuum,

178 750 521 813 delectumque
551 745 740 796 validae
776 746 1063 807 iuventutis,
1105 761 1151 794 et
1192 747 1442 794 servitium
1480 743 1587 809 spo·

176 818 483 884 ponderum:
526 819 739 864 abnuere
761 815 935 880 parati,
972 814 1007 861 sl
1033 815 1321 882 iuberentur⁴
1354 812 1584 861 aliorsum

177 888 407 951 migrare,
449 900 505 932 ut
532 885 739 950 gestibus
767 883 1051 931 iudicabant
1088 898 1135 931 et
1166 885 1405 945 vultibus,
1450 883 1585 930 loco-

178 976 287 1004 rum
316 954 486 1003 confili
522 953 782 1019 praesidio,
819 953 906 999 ubi
924 954 1046 1000 lares
1072 953 1177 1017 post
1209 968 1400 1000 exactos
1422 952 1462 1016 ²)
1500 950 1586 998 do-

135 1021 340 1081 4111iiios
368 1027 519 1071 fixere
547 1022 716 1069 securi.
806 1022 907 1068 Has
950 1022 1082 1069 enim
1118 1035 1268 1070 terras
1310 1020 1584 1068 Parthiscus

176 1096 366 1141 irruens
412 1091 675 1155 obliquatis
716 1090 955 1138 meatibus
995 1091 1115 1138 Istro
1154 1089 1396 1139 miscetur.
1485 1089 1587 1137 Sed

180 1162 299 1210 dum
318 1161 446 1208 ‚solus
469 1160 696 1207 licentius
716 1161 847 1219 fluit,
875 1157 1027 1223 spatia
1048 1160 1192 1221 longa
1215 1174 1262 1206 et
1293 1160 1382 1206 lata
1415 1158 1588 1206 senlim

175 1230 561 1296 praeterlabens,
612 1243 659 1276 et
687 1246 742 1275 ea
769 1241 990 1274 coartans
1025 1245 1179 1290 prope
1209 1231 1391 1274 exitum
1422 1229 1473 1274 in
1507 1245 1589 1273 an-

178 1299 377 1365 gustias,
420 1299 609 1345 accolas
642 1298 700 1343 ab
729 1298 918 1359 impetu
955 1296 1287 1343 Romanor-um
1317 1297 1455 1343 alveo
1492 1296 1590 1342 Da-

177 1369 320 1416 nubii
363 1366 610 1427 defendit,
656 1385 679 1412 a
714 1363 978 1411 barbaricis
1024 1381 1141 1411 vero
1182 1364 1458 1412 excurfibus
1499 1362 1586 1412 suo

179 1452 310 1485 tutos
342 1437 545 1502 praestat
573 1435 848 1483 obstaculo:
894 1433 983 1480 ubi
1022 1434 1253 1498 pleraque
1283 1433 1586 1481 humidioris

177 1507 270 1554 soli
301 1520 471 1552 natura
508 1519 555 1552 et
595 1503 907 1550 incrementis
950 1502 1208 1550 fluminum
1250 1501 1588 1560 redundantia,

180 1573 397 1637 stagnosa
419 1587 467 1620 et
489 1573 665 1619 referta
683 1571 932 1630 salicibus,
965 1569 1179 1634 ideoque
1209 1572 1338 1619 invia
1369 1571 1458 1618 nifi
1484 1589 1590 1636 per-

180 1662 326 1707 quam
367 1641 554 1704 gnaris:
613 1653 660 1686 et
705 1639 848 1703 super
887 1639 963 1685 his
1004 1638 1264 1687 insularem
1301 1642 1589 1687 amfractum

181 1712 317 1758 aditu
350 1709 588 1757 Parthisci
608 1725 762 1772 paene
783 1708 1069 1770 contiguum
1090 1709 1242 1755 amnis
1265 1710 1430 1773 potior
1457 1710 1587 1756 amb-

138 1781 310 1840 5iens,
352 1793 508 1827 terrae
540 1776 786 1825 consortio
822 1774 1069 1840 separavit.
1159 1777 1401 1825 Hortante
1439 1779 1587 1842 igitur

178 1848 432 1914 principe,
478 1865 589 1894 cum
623 1846 834 1909 genuino
864 1845 982 1891 fastu
1014 1845 1077 1891 ad
1109 1846 1388 1894 citeriorem
1413 1864 1588 1893 venere

179 1915 396 1965 fluminis
420 1917 603 1980 ripam,
630 1928 685 1962 ut
707 1914 860 1962 exitus
885 1913 1080 1973 docuit,
1123 1932 1222 1961 non
1254 1914 1368 1961 iuffa
1397 1916 1587 1976 facturi,

181 1985 267 2034 sed
297 2003 358 2032 ne
400 1984 682 2033 viderentur
718 1982 886 2030 militis
926 1982 1243 2046 praesentiam
1283 1984 1585 2030 formidasse:

184 2056 467 2118 stabantque
529 2052 909 2112 contumaciter,
972 2050 1185 2116 ideoque
1245 2052 1589 2117 propinquaffe

140 2123 525 2181 Gmonstrantes,
565 2135 621 2169 ut
651 2119 867 2168 iubenda
901 2119 1227 2184 repudiarent.
1320 2122 1457 2177 Quae
1496 2122 1591 2168 Im-

184 2205 381 2259 perator
404 2189 623 2239 accidere
647 2188 777 2255 posse
802 2190 1161 2253 contemplans,
1193 2190 1244 2235 in
1270 2190 1455 2254 agmina
1487 2192 1591 2254 plu-

185 2263 307 2309 rima
347 2262 472 2308 elam
509 2259 771 2307 distributo
812 2258 1049 2318 exercitu,
1114 2258 1359 2305 celeritate
1400 2260 1588 2306 volneri

184 2331 444 2395 migrantes
475 2328 510 2394 ³)
539 2329 664 2375 intra
695 2326 893 2374 suorum
928 2327 1053 2373 acies
1086 2326 1265 2373 clanlit.
1346 2327 1588 2391 Stansque

184 2399 238 2445 in
270 2417 441 2464 aggere
470 2397 668 2446 celsiore
698 2415 811 2444 cum
845 2396 1031 2459 paucis,
1073 2410 1119 2443 et
1148 2396 1431 2460 stipatorum
1454 2414 1589 2460 prae-

188 2466 311 2515 sidio
335 2482 517 2528 tectuS,
547 2485 630 2515 eos
648 2503 661 2527 ,
695 2484 755 2513 ne
777 2465 1059 2524 ferocirent,
1092 2466 1248 2512 lenius
1275 2463 1585 2512 admonebat.

147 2535 294 2588 '7Scd
326 2539 614 2584 fluctuantes
648 2535 961 2597 ambiguitate
998 2535 1260 2594 mentium,
1314 2533 1365 2578 in
1405 2532 1588 2581 diversa

191 2605 531 2668 rapiebantur,
564 2619 610 2653 et
631 2604 786 2652 furori
806 2602 940 2650 mista
966 2603 1171 2650 versutia
1197 2603 1447 2650 tentabant
1475 2621 1588 2649 cum

242 2771 279 2813 a)
309 2768 353 2805 τὸ
384 2768 472 2803 inde
502 2767 600 2806 deest
626 2767 694 2804 Mf.
747 2769 786 2815 3)
813 2765 935 2815 Sceplz.
968 2765 1058 2800 intra
1085 2762 1229 2799 vallum.
