1727 3144
227 139 325 185 566
471 151 745 191 ,ΛΜΜῙΑΝῙ
785 149 1176 182 MARCELLINI
1215 151 1361 196 xxw,
1418 138 1464 182 ὃ.
1513 151 1555 198 7·

155 264 208 311 15
325 259 438 311 Post
455 261 684 309 timorem
710 259 984 325 depolitum
1016 259 1319 324 calcatasque
1347 260 1510 307 ruinas
1540 260 1631 307 ho-

229 331 408 379 stilium
436 348 745 396 corporum,
771 329 893 377 iusto
925 327 1151 392 sanguine
1180 330 1317 377 miles
1352 333 1497 376 etiam
1527 343 1633 375 tum

225 414 453 449 cruentus
468 437 480 460 ,
517 399 580 446 ad
601 398 917 465 Imperatoris
938 396 1146 445 tentoria
1165 402 1500 461 congregatus,
1531 399 1635 446 lau-

202 493 209 496 -
228 469 313 517 des
334 470 377 517 ci
401 469 689 532 perhibebat
709 482 755 516 et
778 467 969 531 gratias,
1001 465 1141 530 quod
1161 466 1408 530 ignoratus
1429 468 1632 530 ubique,

229 537 325 586 dux
350 536 462 585 elset
484 555 544 583 an
569 538 705 584 miles
727 536 908 600 magis,
944 550 1048 582 tum
1067 535 1133 581 ita
1155 554 1256 582 rem
1286 535 1510 599 prospere
1538 534 1636 599 ges-

228 605 378 664 l'erat,
413 620 467 653 ut
492 605 633 653 caelis
655 605 907 653 Persarum
931 605 1037 668 plus
1060 604 1278 652 minusve
1310 604 1502 651 duobus
1531 605 1639 651 mil-

225 676 354 722 libus
385 690 432 723 et
465 676 769 739 quingentis,
812 691 928 721 Lxx.
967 671 1198 730 caderent
1228 673 1316 720 soli
1345 674 1635 721 nostrorum.

139 745 211 792 .16
231 745 331 801 Qui
361 743 607 808 adpellans
640 745 897 808 plerosque
940 741 1254 802 nominatim,
1312 760 1436 806 quos
1477 742 1637 789 stabili

228 827 389 860 mente
412 811 601 877 aliquid
631 814 814 859 clarum
846 809 1007 857 seciss'e
1040 808 1140 874 ipse
1169 811 1350 858 arbiter
1385 811 1639 874 perspexit,

229 883 479 929 navalibus
515 881 717 929 donavit
749 880 961 939 coronis,
1016 891 1064 926 et
1105 880 1290 941 civicis,
1348 893 1395 926 et
1435 879 1640 926 castren-

231 951 376 998 fibus.
893 992 896 995 .

157 1035 211 1079 17
329 1016 545 1066 Abunde
566 1029 694 1062 ratus
717 1014 961 1078 posthaec
990 1013 1332 1078 prosperitates
1353 1016 1530 1064 fimiles
1555 1015 1640 1064 ad·

231 1102 450 1145 ventare,
503 1085 780 1147 complures
820 1083 998 1130 hostias
1040 1082 1186 1136 Marti
1228 1086 1426 1147 parabat
1461 1087 1636 1132 ulturi:

232 1170 278 1203 et
311 1173 367 1202 ex
401 1153 551 1200 tauris
588 1151 929 1216 pulcherrimis
968 1151 1139 1198 decem
1167 1151 1229 1197 ad
1250 1152 1347 1200 hoc
1375 1154 1642 1217 perductis,

229 1223 453 1271 nondum
474 1223 567 1269 aris
590 1221 777 1268 admoti
796 1221 1045 1268 voluntate
1064 1219 1148 1266 sua
1172 1237 1349 1267 novem
1372 1225 1646 1286 procubue-

232 1312 284 1341 re
303 1291 575 1339 tristiffimi:
627 1289 845 1338 decimus
871 1307 1016 1350 vero,
1057 1289 1144 1354 qui
1173 1287 1405 1339 diffractis
1435 1291 1643 1339 vinculis

230 1361 416 1426 lapsus,
454 1377 594 1424 aegre
618 1358 846 1406 reductus
867 1358 958 1422 est,
994 1372 1228 1405 mactatus
1259 1359 1478 1407 ominosa
1509 1361 1641 1424 ligna

231 1429 529 1477 monstravit.
640 1428 834 1484 Quibus
887 1426 996 1475 vifis
1038 1428 1324 1475 exclamavit
1362 1428 1643 1493 indignatus

234 1499 408 1547 acriter
431 1498 672 1558 Iulianus,
702 1497 975 1562 Iovemque
998 1497 1190 1544 testatus
1213 1496 1302 1559 est,
1338 1499 1470 1545 nulla
1492 1497 1642 1546 Marti

234 1570 333 1616 iam
364 1566 492 1614 sacra
527 1567 797 1613 facturum:
843 1585 932 1614 nec
962 1565 1243 1627 resecravit,
1300 1567 1448 1615 celeri
1483 1580 1644 1614 morte

233 1650 533 1702 praereptus.
1474 1632 1489 1648 “

191 1731 209 1757 1
330 1705 447 1753 VII.
485 1702 683 1768 Digesto
707 1703 871 1766 itaque
895 1702 1098 1751 confilio
1116 1722 1229 1750 cum
1254 1704 1543 1768 primatibus
1571 1703 1645 1752 su-

235 1791 322 1837 per
350 1772 678 1836 Ctesiphontis
713 1771 932 1833 oblidio,
981 1773 1105 1819 itum
1137 1772 1202 1820 est
1242 1774 1294 1820 in
1340 1774 1644 1821 voluntatem

236 1846 588 1906 quorumdam,
657 1840 840 1888 facinus
884 1840 1041 1889 audax
1083 1855 1130 1889 et
1171 1842 1508 1906 importunum
1550 1842 1642 1890 efl'e

234 1909 540 1957 noscentium
574 1907 628 1954 id
656 1909 883 1971 adgredi:
937 1910 1074 1974 quod
1113 1924 1160 1958 et
1199 1911 1367 1957 civitas
1409 1911 1501 1956 fitu
1535 1909 1642 1974 ipso

237 1981 270 2044 ¹)
294 1976 680 2041 inexpugnabilis
720 1976 1101 2037 defendebatur,
1157 1991 1204 2024 et
1242 1996 1355 2024 cnm
1381 1979 1644 2026 metuenda

188 2063 217 2092 2
237 2045 549 2094 multitudine
571 2050 792 2108 protinus
821 2063 902 2091 rex
924 2044 1093 2092 adfore
1127 2044 1435 2093 credebatur.
1506 2047 1642 2095 Vicit

234 2114 470 2164 sententia
494 2114 693 2160 melior:
728 2114 865 2160 cuius
885 2113 1090 2161 utilitate
1121 2113 1354 2178 Princeps
1386 2114 1641 2163 sollertilIi-

235 2202 344 2234 mus
374 2182 669 2246 adprobata,
712 2181 1038 2229 Arinthaeum
1075 2201 1189 2229 cum
1224 2201 1372 2230 manu
1414 2184 1638 2248 peditum

237 2251 463 2318 expedita
494 2249 555 2297 ad
587 2249 889 2315 populandas
921 2251 1141 2315 regiones
1171 2251 1466 2300 circumsitas
1494 2253 1637 2315 mifit,

236 2320 467 2371 armentis
488 2320 634 2367 laetas
656 2333 702 2366 et
720 2320 965 2383 frugibus,
999 2320 1157 2367 hostes
1191 2321 1293 2385 pari
1326 2320 1643 2386 persequutu-

235 2411 346 2440 rum
364 2388 623 2450 industria,
655 2394 776 2451 quos
800 2388 1061 2453 dispalatos
1084 2407 1240 2453 nuper
1262 2389 1394 2437 denfi
1425 2391 1638 2438 tramites
1708 2425 1713 2430 -

239 2476 286 2508 et
336 2459 551 2507 latebrae
604 2470 763 2505 texere
802 2456 843 2522 ²)
874 2456 1172 2505 notislimae:
1227 2458 1342 2506 hinc
1389 2459 1635 2522 opulenta.

189 2535 218 2579 3
239 2529 338 2578 Sed
357 2529 438 2575 ille
461 2525 630 2575 avidae
649 2525 838 2590 semper
859 2525 921 2572 ad
942 2526 1175 2574 ulteriora
1195 2526 1499 2591 cupiditatis,
1537 2546 1639 2591 par-

238 2599 285 2645 vi
316 2596 496 2643 habitis
526 2594 790 2642 vetantium
825 2594 992 2656 dictis,
1035 2609 1083 2643 et
1113 2595 1361 2660 increpitis
1395 2596 1636 2661 optimati-

246 2711 316 2718 ...⁴⁴
723 2705 834 2714 ..ι-...-

287 2766 321 2808 ι)
350 2763 398 2795 al.
427 2756 710 2808 inexpugnabili.
764 2766 799 2802 2)
827 2757 892 2794 ΜΓ.
915 2734 1116 2795 notil'limae
1146 2755 1233 2791 hinc
1261 2756 1444 2806 opulenta.
1493 2756 1577 2792 Sed.
