1727 3144
191 109 289 154 616
634 124 1171 157 =EXCERPTA

193 234 298 280 lum
321 246 509 297 pararet
526 233 578 284 in
598 233 789 295 Persas,
821 235 870 280 in
890 233 1171 283 suburbano
1198 234 1602 299 Constantinopo-

196 303 350 349 litano
385 302 495 350 villa
527 305 721 367 publica
759 306 889 350 iuxta
926 303 1292 363 Nicomediam,
1324 302 1601 367 dispolitam

198 371 326 419 bene
351 388 451 418 rem
469 373 718 436 publicam
737 373 850 420 filiis
886 373 1077 420 tradens
1108 373 1290 436 [obiit]
1369 372 1608 436 Regnavit

204 458 313 493 ann.
338 458 477 495 xxxt-
550 442 780 507 Sepultus
809 442 874 490 est
894 441 1317 507 Constantinopoli

337 582 465 627 Item
497 598 557 629 ex
585 581 719 627 libris
753 582 1102 630 Clzronc'corum
1130 581 1257 628 inter
1291 587 1501 628 caetera.

136 716 358 779 zsslgitur
378 717 647 782 imperante
687 718 890 765 Zenone
921 717 1140 781 Augusto
1173 714 1613 780 Constantinopoli,

202 784 545 849 superveniens
568 786 736 850 Nepos
758 786 993 833 Patricius
1023 787 1084 832 ad
1114 786 1319 832 Portum
1352 785 1488 831 urbis
1519 784 1614 831 Ro-

204 872 337 915 mae,
367 855 594 918 deposuit
615 855 674 900 de
699 855 907 916 imperio
934 855 1246 918 Glycerium,
1287 867 1334 899 et
1359 853 1514 901 factus
1548 853 1616 901 est

203 922 505 987 Episcopus,
562 935 609 967 et
662 921 831 985 Nepos
883 921 1039 968 factus
1091 922 1357 983 imperator
1410 921 1612 969 Romae.

205 990 328 1039 Mox
347 991 546 1038 veniens
575 989 878 1041 Ravennam:
916 1007 1063 1053 quem
1099 988 1391 1054 persequens
1423 990 1616 1038 Orestes

205 1058 443 1107 Patricius
472 1078 584 1107 eum
617 1059 857 1119 exercitu,
899 1073 1130 1107 metuens*
1151 1058 1318 1122 Nepos
1353 1058 1617 1107 adventum

209 1127 417 1190 Orestis,
449 1128 746 1176 adscendens
770 1127 932 1175 navim
953 1129 1117 1192 fugam
1139 1128 1259 1195 petit
1282 1125 1344 1175 ad
1368 1128 1617 1190 Salonam,

208 1211 255 1247 et
275 1196 346 1243 ibi
368 1197 539 1247 manfit
560 1216 647 1263 per
668 1215 820 1245 annos
845 1197 1087 1262 quinque:
1129 1196 1291 1261 postea
1319 1214 1434 1243 vero
1470 1215 1496 1244 a
1522 1197 1618 1244 suis

209 1266 468 1316 oceiditui.
549 1267 671 1319 Mox
701 1285 760 1315 eo
793 1264 1004 1331 egrelI'O,
1042 1267 1198 1314 factus
1229 1265 1496 1330 imperator
1518 1268 1621 1313 Aa·

211 1335 440 1399 gustulus.

138 1409 195 1464 57
308 1406 628 1470 Augustulus,
659 1385 743 1471 qui
765 1419 874 1454 ante
896 1421 1101 1468 regnum
1127 1403 1364 1450 Romulus
1392 1420 1418 1450 a
1452 1419 1624 1464 paren-

209 1473 339 1523 tibus
371 1442 637 1522 vwocabatui
651 1513 663 1536 7
712 1494 738 1521 a
768 1489 901 1539 patre
936 1472 1106 1523 Oieste
1147 1472 1360 1519 Patricio
1380 1471 1534 1518 factus
1558 1471 1625 1519 est

209 1541 490 1607 imperator.
584 1545 971 1608 Superveniente
1019 1541 1249 1589 Odoacre
1308 1559 1420 1587 cum
1481 1554 1625 1604 gente

209 1611 501 1677 Seymrum,
532 1613 714 1660 oceidit
737 1612 959 1659 Orestem
981 1610 1248 1659 Patricium
1277 1610 1328 1656 in
1358 1609 1622 1670 Placentia,

213 1695 260 1727 ct
293 1681 491 1732 fratrem
529 1681 868 1738 eiuswPaulum
896 1680 958 1728 ad
979 1680 1149 1727 Pineta
1167 1679 1286 1726 foris
1309 1677 1510 1726 Class'eni
1535 1678 1624 1725 Ra-

141 1758 197 1801 58
217 1767 412 1797 vennae.
484 1751 771 1815 Ingrediens
792 1765 954 1797 autem
974 1750 1250 1796 Ravennam
1273 1745 1500 1810 deposuit
1526 1747 1628 1794 Au-

215 1819 456 1880 gustulum
477 1819 539 1867 de
571 1838 746 1885 regno,
788 1821 924 1866 euius
961 1819 1191 1866 infantiae
1227 1817 1473 1879 milenus,
1511 1833 1627 1863 con-

213 1886 345 1932 cellit
384 1889 428 1935 ei
457 1887 770 1952 sanguinem:
815 1903 861 1935 et
886 1888 998 1951 quia
1035 1887 1239 1951 pulcher
1282 1899 1408 1946 erat,
1463 1899 1628 1932 tamen

217 1954 419 2005 donavit
437 1956 481 2002 ei
501 1956 713 2007 reditum
732 1956 809 2004 sex
844 1958 994 2004 millia
1025 1954 1235 2012 solidos,
1281 1968 1330 2001 et
1357 1953 1484 2000 mifit
1515 1971 1628 2000 eum

215 2023 341 2071 intra
362 2024 677 2087 Campaniam
698 2015 810 2070 eiuu
835 2025 1111 2086 parentibus
1137 2022 1232 2069 suis
1265 2022 1418 2069 libere
1447 2021 1625 2069 vivere.

216 2092 412 2145 Etenim
435 2105 570 2156 pater
596 2092 697 2139 eius
717 2091 907 2140 Orestes
926 2092 1197 2150 Pam-imos,
1236 2092 1322 2154 qui
1349 2107 1408 2136 eo
1438 2104 1629 2167 tempo-

222 2179 301 2221 tre,
320 2159 539 2237 ’quando
571 2160 724 2207 Attila
752 2159 810 2206 acl
844 2160 1035 2207 Italiam
1065 2159 1221 2219 venit⁷
1269 2157 1318 2205 se
1346 2159 1418 2205 illi
1453 2158 1628 2218 iunxit,

223 2244 271 2277 ct
292 2229 393 2276 eius
417 2230 634 2276 notarius
655 2229 804 2275 factus
826 2229 997 2275 fuerat
1071 2227 1216 2274 Unde
1240 2227 1451 2291 profecit
1478 2241 1525 2276 et
1552 2246 1628 2275 us·

225 2317 353 2366 que
342 2298 403 2344 ad
421 2297 708 2345 Patriciatus
731 2297 1013 2361 dignitatem
1041 2297 1278 2361 peivenit.

154 2375 209 2430 39
321 2367 478 2431 Ergo,
525 2366 781 2432 postquam
813 2367 966 2413 factus
1005 2366 1071 2413 est
1109 2366 1375 2429 ἰιιη)ενειῑοι
1417 2364 1556 2412 Zeno
1600 2382 1627 2412 a

222 2435 328 2483 filio
366 2435 452 2485 [no
482 2436 674 2497 Leone,
730 2435 814 2500 qui
846 2450 983 2482 natus
1012 2436 1166 2483 suerat
1207 2433 1265 2480 de
1306 2433 1407 2480 filia
1445 2433 1625 2480 Leonis

224 2504 441 2552 Ariadne
471 2505 695 2566 nomine
735 2519 902 2569 1egnat
929 2523 1041 2553 cum
1078 2504 1181 2550 lilio
1213 2501 1297 2549 suo
1329 2519 1455 2549 anno
1499 2519 1626 2550 uno:

225 2587 272 2619 et
304 2575 477 2621 merito
505 2575 685 2621 Leonis
714 2593 914 2637 regnum
948 2570 1171 2621 remansit
1203 2570 1333 2635 apud
1359 2571 1627 2618 Zenonem.

228 2642 364 2688 Zeno
396 2661 511 2690 vero
545 2662 656 2690 cuni
687 2645 789 2690 filio
824 2644 916 2689 iam
954 2660 1154 2705 regnans
1173 2647 1302 2687 ‘anno
1324 2658 1448 2701 uno⁷
1478 2639 1631 2702 impe-

226 2711 348 2759 ravit
371 2730 520 2760 annos
546 2729 644 2760 ΧΠ.
719 2712 929 2760 Isauriae
955 2710 1300 2770 nobil1lli1nus‚
1342 2709 1427 2774 qni
1457 2707 1631 2772 diguus
