1727 3144
208 154 234 171 (v

206 167 304 199 020
464 160 736 197 ammam
774 150 1168 196 Maitentmm
1207 166 1359 213 xxm,
1395 154 1442 198 5¹.

210 276 480 341 Statimque
532 274 868 340 transgress‘us⁷
921 289 1123 339 pontem
1168 275 1311 323 avelli
1353 275 1618 341 praecepit,

211 346 248 411 ³)
271 364 330 392 ne
354 345 432 392 cui
453 345 663 392 militum
696 346 755 392 ab
786 343 1060 408 agminibus
1097 345 1310 408 propriis
1342 345 1621 393 revertendi

167 411 389 462 fifiducia
415 428 699 462 remaneret.
771 412 882 460 Pari
903 411 1028 460 sorte
1054 414 1135 460 hic
1161 431 1358 479 quoque
1391 432 1536 462 omen
1564 414 1621 461 il-

210 483 433 531 laetabile
462 482 616 531 visum
654 482 746 540 est,
790 476 1081 547 adparitoris
1120 483 1375 530 cuiusdam
1412 483 1620 530 cadaver

213 565 459 600 extentum
492 552 730 599 carnificis
760 569 908 598 manu
943 551 1118 599 deleti:
1165 569 1309 616 quem
1345 553 1620 616 praefectus

211 621 461 669 Sallustius
483 620 706 685 praesens
728 639 780 669 ea
805 638 855 668 re
876 620 1116 685 supplicio
1141 620 1621 685 capitaltdamnarass

213 690 350 755 quod
367 691 493 737 intra
516 691 848 754 praestitutum
873 689 1003 736 diem
1023 691 1367 737 alimentorum
1399 707 1623 753 augmen-

212 773 317 806 tum
338 759 568 807 exhibere
593 760 853 823 pollicituS,
875 760 914 823 ⁴)
933 758 1044 805 casu
1054 756 1353 822 impediente
1374 758 1624 823 frustratus

214 827 295 878 eft.
373 827 484 875 Sed·
504 826 779 875 miserando
820 827 1021 875 homine
1054 826 1296 875 trucidato
1333 864 1346 888 ⁷
1391 826 1625 891 postridie

210 895 431 957 advenit,
474 910 528 942 ut
558 896 640 943 ille
667 895 978 960 promiserat,
1015 896 1104 944 alia
1137 896 1285 942 clallis
1319 895 1512 943 abunde
1545 912 1624 944 ve-

213 964 335 1014 hens
367 982 627 1010 annonam.

174 1043 195 1081 7
312 1032 529 1079 Profecti
560 1029 734 1078 exinde
765 1030 993 1077 Zaitham
1025 1033 1244 1078 venimus
1286 1032 1478 1092 locum,
1536 1028 1623 1094 qui

213 1103 318 1149 olea
342 1101 488 1146 arbor
509 1101 867 1162 interpretatur.
950 1098 1047 1145 Hie
1079 1099 1327 1147 Gordiani
1353 1101 1624 1164 Imperato-

212 1171 276 1216 ris
297 1171 441 1231 longe
465 1166 783 1231 conspicuum
802 1165 1014 1212 vidimus
1036 1169 1294 1226 tumulum,
1331 1169 1468 1215 cuius
1489 1175 1622 1215 actu‘s

211 1257 235 1284 a
260 1237 465 1301 pueritia
489 1237 658 1300 prima,
694 1235 1091 1298 exercituumque
1113 1235 1410 1282 seliciffimos
1434 1236 1624 1296 ductus,

212 1321 258 1353 et
278 1304 562 1352 infidiosum
587 1304 837 1350 interitum
869 1302 1142 1366 digellimus
1174 1318 1397 1370 tempore
1419 1319 1624 1369 ‘compe-

171 1374 348 1424 8tenti.
439 1373 540 1420 Ubi
585 1392 698 1420 cum
742 1390 829 1436 pro
868 1372 1082 1435 ingenita
1124 1372 1304 1436 pietate
1339 1372 1623 1420 consecrato

210 1443 429 1507 Principi
463 1441 776 1506 parentasset,
820 1455 1140 1506 pergeretque
1174 1439 1236 1488 ad
1273 1442 1486 1501 Duram,
1542 1440 1623 1490 de-

209 1512 388 1559 sertum
416 1511 684 1575 oppidum,
720 1512 894 1574 procul
914 1510 1176 1558 militarem
1196 1528 1406 1558 cuneum
1436 1510 1625 1574 conspi-

213 1595 346 1628 catus
374 1580 503 1628 stetit
529 1579 826 1626 immobilis:
876 1580 1018 1644 eique
1049 1578 1326 1639 dubitanti,
1377 1578 1498 1645 quid
1534 1576 1625 1627 fer-

213 1664 345 1709 rent,
379 1650 579 1695 offertur
601 1649 661 1694 ab
684 1648 751 1694 eis
777 1647 1107 1695 immanissimi
1133 1649 1355 1712 corporis
1377 1649 1474 1708 leo,
1511 1667 1625 1695 cum

215 1718 369 1764 aciem
411 1731 595 1780 peteret
644 1717 904 1780 multiplici
940 1718 1152 1764 telorum
1191 1717 1323 1764 iactu
1363 1716 1623 1765 confoffus.

216 1787 330 1842 Quo
359 1786 520 1832 omine
549 1787 680 1833 velut
705 1785 913 1833 certiore
946 1786 1041 1832 iam
1067 1785 1331 1850 spectaculi
1353 1783 1627 1850 prosperio-

217 1855 280 1901 ris
301 1855 452 1900 elatus
471 1890 483 1913 ,
519 1854 827 1901 exsultantius
853 1854 1138 1902 incedebat:
1178 1853 1264 1902 sed
1286 1855 1475 1903 incerto
1502 1856 1538 1918 ⁵)
1558 1855 1626 1901 fa·

215 1938 269 1969 tu
307 1922 528 1969 fortunae
570 1922 795 1968 aliorsum
841 1924 1066 1986 prorupit
1114 1937 1333 1970 eventus.
1443 1922 1625 1970 Obitus

217 1991 347 2038 enim
370 1990 493 2054 regis
513 1990 915 2054 portendebatur,
945 1989 1030 2036 sed
1050 1991 1205 2050 cuius,
1238 2005 1341 2037 erat
1361 1990 1620 2037 incertum.

173 2069 201 2111 9
219 2060 345 2107 Nam
363 2072 410 2105 et
432 2059 625 2105 oracula
647 2058 795 2104 dubia
816 2058 1046 2121 legimus,
1081 2076 1204 2121 quae
1237 2075 1336 2105 non
1368 2057 1458 2105 nifi
1490 2057 1623 2106 casus

216 2128 488 2175 discrevere
508 2127 734 2190 postremi
752 2145 761 2172 :
783 2140 836 2172 ut
846 2125 993 2173 fidem
1007 2126 1223 2173 vaticinii
1236 2127 1486 2190 Delphici,
1499 2145 1624 2193 quae

217 2195 324 2261 post
349 2196 507 2261 Halyn
542 2198 722 2242 ssumen
753 2195 1099 2256 transmiss'um,
1129 2196 1398 2242 maximum
1420 2213 1623 2259 regnum

217 2265 258 2330 ⁶)
302 2264 603 2311 deiecturum
653 2263 956 2328 praedixerat
985 2263 1241 2311 Croesum:
1298 2265 1335 2329 ⁷)
1373 2279 1420 2312 et
1460 2266 1622 2328 aliam,

218 2352 341 2398 quae
362 2331 733 2381 Athenienfibus
754 2331 816 2380 ad
841 2332 1124 2380 certandum
1146 2346 1315 2380 contra
1337 2333 1514 2380 Medos
1539 2333 1624 2380 ob-

215 2404 349 2468 lique
375 2401 690 2449 destinaverat
707 2419 863 2448 mare:
898 2400 1173 2466 sortemque
1198 2401 1274 2448 his
1304 2401 1622 2465 posteriorem

217 2490 382 2518 veram
412 2470 638 2535 quidem,
680 2469 762 2517 sed
792 2488 890 2517 non
915 2470 1073 2516 minus
1104 2471 1406 2534 ambiguam:
1451 2471 1549 2517 Aio
1578 2480 1625 2516 te

153 2560 207 2586 10
224 2542 445 2588 Aeacida
471 2544 726 2588 Romanos
752 2542 944 2588 vincere
963 2541 1111 2603 Pqffi'·
1229 2537 1418 2585 Etrusci
1459 2552 1622 2585 tamen

1407 2606 1623 2672 haruspi-

263 2732 298 2773 3)
322 2730 389 2765 ΜΓ,
417 2745 462 2765 ne
489 2734 562 2778 qui.
622 2736 658 2778 4)
689 2734 739 2767 al.
768 2731 869 2766 caus-s
896 2732 979 2779 imp.
1035 2735 1069 2778 5)
1096 2730 1163 2767 Ms-
1195 2730 1282 2768 fatu.
1341 2731 1378 2775 6)
1420 2729 1487 2765 ΜΓ.
1525 2730 1618 2765 deie-

219 2785 367 2809 ctutum.
420 2785 454 2823 7)
482 2779 548 2813 ΜΓ.
578 2790 608 2813 (¹1
633 2779 735 2816 aliae.
