1727 3144
210 182 304 214 222
447 182 716 214 ΑΜΜῙΛΜ
769 181 1158 214 mancanmnx
1187 182 1277 227 xx,
1328 167 1375 211 8.
1411 181 1459 226 9.

178 330 180 333 -
208 293 385 353 citum,
425 291 647 340 consulto
680 287 955 339 discefferat
980 288 1250 351 Viennam,
1284 286 1612 337 alimentariae

210 363 280 410 rei
308 362 456 425 gratia
489 360 656 409 divelli
688 359 900 408 causatus
933 378 959 406 a
991 357 1217 418 Caesare,
1284 376 1431 424 quem
1468 356 1616 422 saepe.

134 441 183 469 21
212 444 466 478 tractatum
497 430 708 494 asperius
737 427 1047 476 formidabat.
1128 426 1259 474 Dein
1285 446 1396 474 eum
1417 444 1614 491 compe*

210 498 337 547 1iffet
369 517 480 546 eum
508 499 569 546 ad
600 518 690 563 ‘tut
678 498 847 545 ustum
869 498 1060 544 culmen
1090 509 1338 556 evectum,
1367 496 1537 559 exigua
1556 513 1614 542 ao

207 586 362 633 prope
397 569 527 616 nulla
559 567 755 616 vivendi
786 565 868 632 spe
889 565 1080 614 versus
1069 583 1120 611 ln
1147 579 1356 626 metum,
1390 578 1446 611 ut
1447 532 1614 628 ²3longe

209 637 505 697 disiunctus,
553 637 691 683 malis
725 635 800 713 se,
854 653 977 700 quae
1004 633 1358 712 suspicabatur-3
1406 632 1612 681 exemit:

210 719 259 754 et
276 675 620 752 neceffittidine
641 706 776 753 omni
797 705 963 752 ielicta
991 701 1223 767 dig1effus
1247 705 1379 749 venit
1401 701 1463 748 ad
1487 703 1616 750 Con-
1680 705 1682 707 ’

207 773 433 822 stantium
461 774 718 822 itineribus
739 774 881 822 lentis
902 792 910 820 :
957 786 1110 836 utque
1130 771 1177 819 se
1200 771 1319 817 nulli
1343 770 1615 818 obnoxium

209 844 381 907 eulpae
405 843 719 904 monstraret,
749 843 993 890 Iulianum
1026 855 1081 887 ut
1112 838 1415 905 perduellem
1445 839 1611 886 multis

131 927 190 958 22
210 931 261 958 c1
266 911 494 958 iminibus
524 913 800 976 adpetebat
883 910 1031 958 Cuius
1059 908 1163 973 post
1182 909 1366 956 abitum
1389 911 1512 956 bene
1533 908 1614 954 Iu-

207 981 363 1027 lianus
384 981 600 1043 cogitans
635 995 681 1027 et
698 979 991 1045 prudenter,
1018 978 1228 1043 scirique
1250 979 1444 1037 volens,
1475 968 1616 1040 quod

209 1016 473 1112 praelents³
476 1065 673 1111 quoque
707 1047 1017 1112 pepercisset·
1054 1051 1274 1094 caritates
1304 1047 1405 1093 eius
1426 1064 1537 1093 cum
1559 1063 1612 1092 ie

206 1116 435 1164 familiari
465 1115 667 1176 intacta,
716 1116 903 1179 publici
945 1113 1109 1162 cursus
1137 1114 1225 1162 usu
1256 1114 1506 1179 permiffo,
1551 1112 1615 1161 ad

209 1184 463 1232 Orientem
491 1184 649 1231 redire
674 1185 824 1230 tutius
845 1183 1116 1246 imperavit.

163 1264 183 1291 1
310 1253 402 1300 IX.
434 1252 481 1300 N
487 1270 540 1299 ec
569 1253 759 1306 minore
784 1251 944 1299 studio
977 1250 1168 1315 sequuti
1192 1251 1363 1313 legati,
1399 1252 1520 1300 haec
1547 1249 1617 1300 se-

208 1340 322 1368 cum
355 1322 588 1382 fe1entes‚
653 1339 776 1385 quae
808 1320 1165 1384 praediximus,
1242 1319 1515 1384 intentique
1553 1320 1617 1368 ad

208 1388 466 1450 viandum,
511 1408 623 1437 cum
654 1391 874 1438 venirent
909 1390 971 1436 ad
998 1388 1185 1438 iudices
1210 1387 1455 1449 celfiones
1493 1390 1617 1436 obli-

209 1477 304 1524 que
325 1460 640 1505 tenebantur:
680 1476 939 1523 morasque
965 1476 1047 1522 pel
1073 1457 1266 1504 Italiam
1296 1471 1343 1504 et
1365 1459 1618 1523 Illjricum

205 1527 413 1592 pe1pelli
447 1527 698 1574 diutuinas
729 1543 776 1575 et
809 1546 1001 1590 graves,
1045 1527 1618 1591 tande1n¹·)t1ansfretati

206 1615 294 1660 per
316 1597 620 1670 Bosporum,
658 1596 1013 1659 itineribusque
1031 1597 1173 1642 lentis
1194 1596 1449 1659 prognessi,
1486 1595 1619 1673 apud

211 1666 324 1711 Caci>
333 1681 491 1710 aream
525 1665 865 1727 Cappadociae
894 1663 1040 1711 etiam
1075 1679 1177 1711 tum
1209 1664 1498 1729 degentem
1487 1683 1620 1713 inve-

208 1752 238 1778 Γ
250 1751 322 1779 ιε
356 1732 705 1795 Constantium,
763 1734 1012 1782 Mazacam
1050 1734 1252 1780 antehae
1299 1734 1614 1795 nominatam,

211 1814 538 1864 opportunam
562 1802 733 1848 urbem
755 1817 802 1850 et
821 1803 1093 1859 celebrem,
1124 1801 1210 1849 sub
1233 1803 1411 1866 Argaei
1433 1803 1616 1850 montis

159 1879 188 1908 2
210 1869 418 1934 pedibus
439 1867 589 1915 fitam.
666 1871 766 1926 Qui
794 1871 1074 1932 introsum,
1109 1871 1218 1918 data
1252 1872 1482 1936 potestate
1502 1871 1617 1920 offe-

210 1953 322 1986 runt
353 1935 557 2000 scripta:
600 1938 756 2002 iisque
788 1941 1023 1999 recitatis,
1068 1941 1193 1986 ultra
1223 1939 1427 1986 modum
1445 1938 1614 1988 solitae

208 2006 560 2069 indignationis
599 2006 857 2053 excanduit
891 2008 1190 2070 Imperator,
1233 2008 1270 2071 ²)
1313 2007 1614 2072 limibusque

211 2076 365 2122 oculis
400 2093 490 2122 eos·
516 2074 732 2139 adusque
755 2090 940 2122 metum
961 2090 1196 2122 contuens
1218 2078 1412 2136 mortis,
1445 2076 1612 2140 egredi

206 2143 362 2202 iuuit,
405 2144 531 2191 nihil
558 2144 663 2209 post
695 2144 816 2192 haec
847 2158 1158 2210 percontatus
1187 2145 1264 2193 vel
1300 2145 1471 2193 audire
1507 2164 1613 2210 per-

207 2213 380 2278 pell'us.

158 2283 187 2326 3
309 2279 560 2329 Perculsus
579 2294 739 2329 tamen
760 2279 983 2330 ardenter
1013 2281 1320 2329 cunctatione
1352 2281 1612 2347 stringeba-

208 2365 289 2399 tur
309 2350 535 2413 ambigua
551 2387 564 2413 ⁷.
597 2364 760 2397 utrum
782 2352 832 2398 in
854 2352 1015 2399 Persas
1031 2389 1043 2410 ,
1082 2371 1140 2397 an
1161 2364 1330 2397 contra
1364 2349 1610 2398 Iulianum

209 2420 398 2467 moveri
418 2420 608 2466 iuberet
634 2420 758 2466 acies
775 2458 787 2481 7
826 2421 1002 2485 quibus
1024 2420 1233 2466 fidebat:
1275 2418 1611 2484 haesitansque

212 2487 296 2534 diu
332 2486 574 2552 perpenlls
605 2488 838 2550 conliliis,
876 2493 1025 2537 flexus
1056 2490 1120 2536 est
1158 2486 1483 2552 quorumdam
1510 2487 1613 2534 sen-

212 2558 362 2604 tentia
397 2558 434 2622 ³)
471 2557 665 2604 utilium
692 2557 966 2620 suasurum,
1010 2572 1056 2606 et
1079 2558 1170 2605 iter
1190 2556 1429 2606 orientem
1449 2558 1608 2605 versus

215 2678 292 2687 ..a-

252 2742 289 2783 ι)
316 2740 383 2774 ΜΓ.
423 2743 635 2777 musnet-ui
666 2756 731 2790 per
762 2742 1005 2792 Bosphorum.
1072 2743 1112 2788 2)
1156 2739 1224 2775 Ms.
1272 2737 1440 2787 limisque
1478 2738 1606 2774 oeulis.

199 2793 235 2833 3)
262 2786 330 2822 Ml.
360 2787 502 2822 milium
532 2789 724 2824 malorum
