1727 3144
213 161 479 193 VALENT.
516 162 649 193 vai„
691 161 766 192 ET
804 162 1103 193 GRATlAN.
1179 150 1291 197 568.
1395 153 1491 207 457

85 286 290 320 currunt
309 285 357 320 et
380 270 505 331 feffi,
549 269 828 334 pandebant
859 269 1171 336 sequentibus
1205 273 1414 336 poplites
1445 289 1492 321 et

87 341 218 388 suras
249 355 296 389 et
323 339 475 388 dorsa.
562 340 732 387 Stratis
763 339 974 404 denique
1012 341 1201 401 multis,
1247 340 1492 404 lapsorum

86 425 277 474 partem
310 409 638 469 Sebastianus,
680 427 794 457 cum
832 407 1079 456 sublidiali
1122 428 1267 455 mauu
1310 409 1491 457 locatus

87 479 194 543 post
229 479 470 525 montium
511 493 668 541 terga,
720 476 982 525 trucidavit
1021 495 1077 524 ex
1115 478 1312 526 incauto
1348 478 1493 526 latere

87 548 495 594 circumventam:
531 545 730 611 dispersi
758 547 936 595 caeteri
967 545 1189 595 silvarum
1218 547 1266 595 fe
1297 546 1496 594 latebris

90 615 428 663 amandarum.
551 616 558 624 ⁸

187 685 245 732 In
270 685 361 732 hac
386 684 698 731 dimicatione
721 684 870 731 nostri
891 701 1088 748 quoque
1118 684 1368 748 oppetiere
1396 702 1493 731 non

87 753 467 801 contemnendi:
506 752 786 814 inter-quos
817 753 1104 799 Valerianus
1142 753 1235 799 fuit
1274 753 1498 801 domesti-

87 839 260 868 corum
281 821 498 868 omnium
525 819 735 882 primus,
768 833 815 866 et
837 819 1144 885 Natuspardo
1174 822 1375 886 quidam
1396 822 1499 868 scu-

87 889 263 951 tarius,
300 888 509 937 exsertus
532 889 595 934 ita
616 888 850 949 bellator,
882 903 937 935 ut
965 890 1152 936 Sicinio
1186 891 1336 938 veteri
1365 908 1497 937 com·

85 972 285 1022 paretur
311 965 362 1006 ‘et
391 956 581 1020 Sergio.
664 957 854 1021 Hisque
886 958 970 1004 tali
1001 957 1196 1005 casuum
1221 959 1497 1007 diverfitate

85 1027 344 1091 perfectis,
387 1026 566 1073 milites
594 1025 656 1073 ad
688 1025 920 1087 hiberna,
965 1026 1291 1091 Imperatores
1316 1029 1497 1076 Treve-

89 1114 168 1143 ros
199 1108 517 1144 reverterunt.

187 1165 280 1212 XI.
313 1165 405 1213 Per
426 1166 546 1212 haec
568 1178 790 1229 tempora
812 1162 1043 1212 Vulcatio
1064 1162 1243 1209 Rufino
1274 1162 1496 1211 absoluto

47 1256 50 1258 ·
86 1232 209 1295 vita,
243 1233 358 1282 dum
379 1237 414 1299 ¹)
439 1233 815 1294 administrarat,
846 1233 909 1279 ad
945 1231 1204 1296 regendam
1231 1233 1497 1294 praefectu-

86 1321 190 1349 ram
212 1303 567 1366 praetorianam
591 1304 651 1350 ab
681 1303 804 1350 urbe
836 1301 1026 1347 Probus
1058 1300 1264 1360 accitus,
1307 1302 1501 1348 claritu„

90 1370 203 1418 dine
228 1373 414 1437 generis
438 1386 484 1419 et
505 1372 721 1436 potentia
745 1386 792 1419 et
814 1389 964 1434 opum
988 1367 1309 1432 amplitudine
1331 1371 1499 1433 cogni-

89 1453 165 1486 tus
199 1441 308 1487 orbi
342 1441 591 1500 Romano,
636 1458 722 1504 per
753 1457 900 1504 quem
927 1436 1204 1485 universum
1240 1457 1388 1501 paene
1419 1458 1500 1503 pa-

88 1509 319 1556 trimonia
340 1508 497 1574 sparsa
517 1508 741 1574 poll'edit‚
773 1509 890 1555 iuste
918 1526 976 1554 an
1000 1506 1132 1554 secus
1155 1524 1253 1553 non
1274 1507 1499 1554 iudicioli

90 1578 156 1624 est
190 1578 354 1625 nostri.
438 1578 584 1624 Hune
621 1577 750 1642 quali
790 1577 996 1640 genuina
1026 1574 1290 1640 quaedam,
1338 1590 1392 1622 ut
1412 1579 1499 1623 fin-

89 1660 209 1709 gunt
250 1654 448 1709 poetae,
512 1647 706 1693 fortuna
751 1646 932 1693 vehens
970 1644 1284 1708 praepetibus
1322 1645 1501 1708 pinnis,

87 1734 218 1761 nunc
248 1717 525 1763 beneficum
557 1714 845 1763 ostendebat
875 1728 922 1761 et
954 1713 1135 1760 amicos
1175 1713 1217 1778 ²)
1251 1713 1502 1760 sublimius

91 1785 383 1846 erigentem,
412 1785 705 1849 aliquotiens
739 1783 1071 1830 infid-iatorem
1107 1780 1296 1844 dirum,
1337 1796 1384 1830 et
1413 1800 1501 1846 per

88 1867 312 1899 cruentas
336 1853 534 1899 noxium
554 1851 829 1899 fimultates.
902 1852 964 1898 Et
981 1852 1096 1898 licet
1116 1851 1302 1914 potuit,
1335 1850 1501 1914 quoad

89 1921 231 1980 vixit,
264 1921 480 1985 ingentia
516 1921 796 1985 largiendo,
839 1935 887 1967 'et
913 1918 1267 1966 intervallando
1296 1920 1503 1983 potesta-

90 2003 161 2036 tes
185 1989 432 2036 adsiduas:
466 2004 568 2037 erat
584 2003 744 2036 tamen
766 1987 1013 2037 interdum
1037 1987 1239 2034 timidus
1269 1987 1329 2034 ad
1352 1988 1497 2035 auda-

89 2076 196 2117 ces,
231 2073 399 2105 contra
423 2058 622 2105 timidos
645 2057 841 2105 celfior:
874 2071 928 2104 ut
958 2057 1231 2117 videretur,
1269 2075 1381 2103 cum
1407 2056 1499 2103 fibi

87 2126 287 2186 fideret,
324 2127 384 2174 de
405 2127 649 2174 cothurno
668 2127 877 2192 strepere
909 2126 1116 2189 tragico,
1161 2140 1208 2172 et
1239 2126 1327 2171 ubi
1360 2143 1500 2189 pave-

1523 689 1572 730 16

90 2209 189 2251 ret,
235 2195 368 2242 omni
405 2194 641 2242 humilior
678 2194 836 2243 socco.
929 2195 1094 2259 Atque
1137 2208 1191 2240 ut
1228 2194 1497 2240 natantium
1519 2198 1546 2241 5

90 2282 239 2327 genus
262 2264 503 2310 elemento
525 2262 610 2310 suo
632 2264 909 2327 expulsum,
942 2263 1073 2310 haud
1108 2278 1202 2310 tam
1237 2260 1322 2308 diu
1354 2260 1500 2325 spirat

87 2333 138 2379 in
184 2332 350 2392 terris;
411 2331 477 2378 ita
519 2331 600 2378 ille
641 2334 886 2380 marcebat
926 2334 1108 2396 absque
1155 2331 1498 2394 praefecturis:

94 2420 212 2465 quas
231 2400 397 2463 iurgiis
418 2400 710 2446 familiarum
730 2401 997 2466 ingentium
1028 2399 1266 2463 capell'cre
1296 2400 1501 2463 cogeba-

92 2483 199 2525 tur,
256 2487 521 2534 numquam
562 2469 894 2517 innocentium
948 2486 1032 2532 per
1086 2466 1377 2532 cupiditates
1414 2468 1502 2514 im·

96 2536 304 2598 mensas,
357 2552 507 2602 utque
539 2538 690 2584 multa
720 2551 1050 2603 perpetrarent
1085 2537 1306 2601 impune⁷
1346 2536 1501 2583 domi-

94 2625 212 2652 num
240 2607 376 2653 suum
398 2607 721 2670 mergentium
741 2607 791 2654 in
816 2605 1202 2671 rempublicam.
1274 2605 1499 2672 Namque
1516 2610 1544 2664 l}

146 2768 186 2813 x)
216 2768 267 2801 al.
299 2768 530 2805 administrat.
587 2772 623 2815 2)
653 2770 704 2803 al.
731 2768 848 2803 altius.
