1727 3144
530 170 926 204 nudamus.
998 159 1114 204 561.
1389 178 1483 225 ²71

81 285 212 340 tibus
234 283 551 341 Iovianorum
578 281 1090 347 Herculianorumque
1122 283 1159 347 ¹)
1183 284 1489 348 principibus

79 369 129 403 et
174 353 407 414 tribunis,
473 350 636 401 causas
676 351 1013 407 vehementius
1052 369 1209 416 aequo
1253 353 1499 417 bonoque

76 423 440 489 spectaverunt,
470 435 662 487 praeter
680 438 880 486 paucas,
902 421 954 468 in
973 420 1151 486 quibus
1175 419 1350 469 ve1itas
1377 440 1484 469 reos
1513 478 1517 481 ῃ

75 492 437 549 nocentissimos
464 491 712 542 offerebat.
784 489 848 544 Et
875 488 1148 541 Palladium
1181 491 1396 555 primum
1431 509 1486 538 ex
1506 504 1535 548 3

75 561 303 624 magistro
353 561 627 609 officiorum
675 560 727 606 in
774 559 1037 607 Britannos
1090 559 1488 620 exterminamur,

74 626 350 695 suspicione
381 644 518 687 tenus
546 628 914 688 insimulatum,
944 627 1226 693 quaedam
1213 647 1265 675 in
1291 628 1489 687 Gallum

73 698 325 763 composu
333 698 395 747 He
424 699 468 765 2)
487 695 617 762 apud
647 695 1007 758 Constantium,
1049 696 1168 744 dum
1195 696 1284 744 sub
1308 683 1485 745 eodem

74 766 274 815 Caesare
310 766 585 825 officiorum
614 763 727 812 effet
760 764 998 827 magister.
1084 765 1218 813 Dein
1260 765 1481 815 Tamum
1504 772 1536 826 4

74 854 132 883 ex
155 836 402 902 praefecto
425 847 620 898 praetor
623 850 671 879 10
693 832 744 879 in
769 800 984 881 exlilium
1007 851 1147 898 egeie
1169 835 1486 882 Vercellum:

70 905 210 952 cuius
241 905 424 961 factum
450 921 539 968 api
528 901 582 950 d
610 897 801 965 iudices
831 902 1066 964 iustoium
1092 903 1487 969 iniustorumque

71 973 375 1022 distinctores
422 972 580 1020 videri
623 972 787 1037 potuit
832 972 1002 1021 veniae
1041 973 1259 1038 plenum.
1344 972 1486 1030 Quid

70 1042 200 1090 enim
223 1041 455 1106 deliquit,
492 1041 530 1088 Γ
551 1056 713 1090 oitum
721 1043 984 1105 tulbinem
1015 1043 1263 1105 vetitus,
1263 1040 1337 1107 ad
1361 1056 1486 1090 tute-

66 1111 166 1158 lam
187 1111 268 1158 Pi
256 1128 433 1176 incipis
453 1111 527 1158 sui
546 1110 807 1175 confugit-⁴?
873 1100 938 1159 Et
956 1125 1059 1160 acta
1084 1111 1230 1176 super
1260 1129 1318 1159 eo
1356 1111 1485 1176 gesta

67 1198 168 1228 non
196 1179 296 1242 fine
324 1198 502 1246 magno
534 1180 821 1244 legebantur
849 1180 1084 1242 horrore,
1128 1199 1242 1228 cum
1264 1180 1322 1227 id
1348 1181 1484 1227 volu-

65 1249 212 1296 minis
236 1246 422 1312 publici
441 1249 716 1299 contineret
737 1237 1018 1299 exordium:
1069 1219 1322 1312 'Confidam
1356 1252 1403 1297 T
1398 1267 1486 1295 αιι

66 1322 115 1379 μ’
132 1327 179 1364 et
199 1320 462 1376 Florentii,
490 1319 784 1380 inductosab
794 1319 1122 1380 praeconibus
1148 1321 1358 1374 Tauro.;
1400 1315 1484 1365 Ad
1501 1323 1534 1368 5

68 1385 272 1434 exitium
304 1385 478 1434 itidem
517 1387 612 1433 tale
638 1384 903 1447 Pentadius
952 1387 1257 1434 trahebatur:
1308 1385 1390 1434 cui
1428 1385 1485 1442 id.

70 1455 323 1504 obiectum
348 1455 413 1502 est
424 1490 437 1517 ‚
470 1454 608 1519 quod
628 1473 654 1502 a
680 1451 715 1519 ³)
735 1455 1017 1503 Constantio
1048 1454 1212 1502 miffus
1244 1455 1373 1504 notis
1408 1473 1485 1502 ex-

68 1524 225 1588 cepit,
258 1541 381 1589 quae
403 1523 772 1588 propinquante
789 1524 1004 1588 pernicie
1039 1523 1182 1588 super
1215 1525 1423 1572 multis
1411 1542 1484 1570 m-

65 1606 335 1657 ter-rogatus
364 1590 678 1657 responderat
714 1592 899 1639 Gallus.
982 1592 1086 1639 Sed
1129 1612 1243 1641 cum
1270 1591 1318 1641 se
1362 1592 1481 1640 iuste

71 1661 383 1724 defenderet²
412 1659 621 1718 'tandem
658 1661 699 1725 ⁴)
722 1660 844 1711 abiit
881 1659 1123 1708 innoxius.
1191 1642 1532 1726 Iniquitatefi

21 1747 35 1759 ⁹
64 1730 210 1778 simili
229 1732 264 1777 F
267 1729 502 1783 loientlus
522 1743 638 1775 tunc
657 1728 880 1805 magister
907 1725 1209 1790 officiorum,
1239 1729 1378 1796 Nigr
1367 1730 1485 1780 mia-

63 1800 117 1846 ni
148 1800 303 1860 filius,
343 1796 598 1847 contrusus
631 1797 734 1845 est
723 1816 774 1844 m
803 1796 1008 1845 insulam
1040 1798 1312 1848 Dalmatiae
1332 1800 1478 1847 Boas.

57 1868 208 1917 Alter
227 1868 364 1916 enim
383 1867 686 1928 Florentius,
720 1882 778 1914 ex
807 1866 1055 1931 praefecto
1084 1868 1335 1932 praetorio
1364 1887 1483 1917 con-

61 1935 137 1983 sul
181 1938 320 1991 etiam
366 1952 498 1999 tum,
547 1953 711 1984 rerum
752 1936 1019 1985 mutatione
1059 1936 1216 1985 subita
1265 1935 1481 1999 territus,

62 2024 177 2054 cum
212 2007 421 2072 coniuge
454 2005 682 2072 periculis
712 2020 961 2070 exemptus
993 2006 1080 2054 diu
1120 2005 1340 2069 delituit,
1387 2026 1480 2055 nec

65 2073 227 2123 redire
251 2090 361 2124 ante
380 2089 590 2124 mortem
608 2076 644 2141 ⁵)
666 2074 855 2140 potuit:
886 2093 940 2122 ca
947 2075 1060 2139 pitis
1079 2076 1284 2124 crimine
1316 2090 1479 2123 tamen

65 2143 322 2191 damnatus
347 2144 414 2192 est
433 2144 617 2192 absens.
692 2143 804 2192 Pari
830 2142 958 2191 sorte
994 2144 1258 2209 EuagriuS,
1303 2146 1480 2193 Comes
1499 2160 1530 2204 7

66 2212 137 2259 rei
163 2213 405 2276 privatae,
437 2227 484 2261 et
503 2211 794 2261 Saturninus
816 2230 877 2260 ex
897 2232 1014 2261 cura
1037 2214 1226 2277 palatii,
1274 2227 1321 2268 et
1327 2214 1453 2279 Cy'
1419 2233 1479 2260 ri-

64 2299 162 2329 uus
183 2299 240 2328 ex
263 2281 485 2340 notatio,
517 2278 558 2348 ⁶)
583 2281 763 2346 portati
784 2281 930 2328 funt
917 2301 970 2329 m
997 2282 1232 2330 exsilium.
1313 2268 1480 2340 Ursuli

65 2367 184 2398 vero
217 2368 387 2398 necem
416 2351 729 2414 largitionum
759 2351 966 2399 Comitis
993 2350 1096 2416 ipsa
1130 2346 1255 2398 mihi
1283 2337 1478 2398 videtur

67 2417 196 2467 fleffe
236 2419 444 2481 Iustitia,
496 2420 847 2484 Imperatorem
884 2438 1088 2483 arguens
1126 2433 1180 2465 ut
1218 2419 1476 2482 ingratum.

68 2488 194 2535 Cum
245 2489 376 2535 enim
424 2458 598 2537 Caesar
641 2488 692 2535 in
729 2503 890 2553 partes
932 2489 1206 2535 mitteretur
1245 2486 1476 2536 occiduas

70 2557 204 2604 omni
228 2558 484 2607 tenacitate
505 2557 836 2622 stringendus,
871 2558 1103 2622 nullaque
1124 2556 1358 2622 potestate
1387 2558 1477 2605 mi-

117 2745 151 2788 Ι)
182 2746 251 2782 ΜΓ.
286 2747 527 2795 principibus
593 2749 631 2793 2)
671 2744 740 2780 Ms.
782 2741 1072 2781 Constantinum.
1132 2745 1169 2789 3)
1202 2744 1272 2782 ΜΓ
1299 2746 1473 2785 constan.

70 2790 157 2826 tino
207 2794 786 2841 4)al.obiit.5)v011lmnfi
809 2790 878 2836 ΜΓ.
911 2790 1019 2827 deest.
1073 2791 1109 2833 6)
1138 2790 1201 2843 ΆῙΓ
1236 2793 1379 2841 portati.
