1727 3144
195 173 258 218 70
389 173 662 205 ·ΑΜΜῘΑΝῙ
701 174 1095 206 MARCELLINI
1126 173 1218 219 XV,
1260 175 1334 205 10.
1368 174 1443 206 11.

200 295 248 330 et
298 282 586 332 Tauriscum
638 285 795 332 lenius
849 282 1098 348 gradiens,
1138 301 1295 349 prope
1336 283 1625 346 maritimas·

200 351 476 417 composuit
496 353 647 418 Alpes
665 373 674 400 :
705 354 886 418 hicque
908 353 1168 400 Graiarum
1189 352 1370 400 indidit
1396 370 1602 403 nomen:

199 421 435 469 Monoeci
459 421 681 473 finiiliter
712 440 872 470 arcem
904 434 951 469 et
998 437 1195 487 portum
1236 421 1299 469 ad
1339 440 1606 486 perennem

199 488 273 536 sui
295 491 584 539 memoriam
610 490 926 540 consecravit.
994 491 1189 540 Deinde
1219 492 1419 539 emenlis
1444 491 1609 556 postea
1642 486 1645 498 ⁵

201 557 404 609 saeculis
426 561 615 621 multiS,
651 561 743 609 hac
770 576 826 609 ex
844 557 983 610 causa
1005 559 1112 608 sunt
1133 561 1285 626 Alpes
1311 561 1610 625 excogitatae

146 626 466 676 1⁰Poeninae.
541 631 819 695 Superioris
847 629 1068 677 Africani
1098 645 1235 696 pater
1266 629 1316 676 P.
1353 629 1611 678 Cornelius

207 696 377 761 Scipio
401 699 681 762 Saguntinis
715 699 1118 749 memorabilibus
1142 699 1384 748 aerumnis
1416 712 1464 746 et
1492 696 1612 758 fide,

204 767 445 829 pertinaci
465 768 784 818 destinatione
804 769 1040 817 Afrorum
1060 769 1252 817 obseffis
1265 809 1278 834 ,
1311 769 1465 815 iturus
1485 767 1617 821 auxif'

207 834 277 881 lio
305 835 358 883 iu
392 836 705 901 Hispaniam,
757 837 971 886 traduxit
1008 839 1226 886 onustam
1261 856 1411 887 manu
1453 834 1623 898 valida·

208 903 426 954 classem:
457 905 543 953 sed
562 907 757 956 civitate
780 907 1060 955 Poenorum
1081 909 1238 954 Marte
1268 907 1450 967 deleta,
1481 905 1618 951 Han-

206 973 423 1020 nibalem
452 975 487 1040 ⁵)
519 975 718 1040 adsequi
751 977 1013 1042 nequiens,
1061 976 1226 1023 triduo
1263 989 1372 1022 ante
1413 973 1618 1022 transito

208 1038 452 1090 Rhodano
484 1043 547 1091 ad
575 1045 742 1097 Italiae
782 1060 941 1112 partes
974 1045 1381 1104 contendentem,
1426 1042 1620 1106 naviga·

210 1109 344 1158 tione
381 1113 541 1160 veloci
582 1113 852 1162 intercurso
884 1113 1041 1179 spatio
1085 1115 1229 1160 maris
1273 1111 1409 1160 haud
1450 1113 1619 1175 longo,

209 1176 537 1243 degressiirum
580 1184 830 1230 montibus
877 1182 1010 1248 apud
1053 1184 1278 1231 Genuam
1316 1179 1622 1241 observabat,

209 1245 439 1311 Liguriae
470 1250 735 1313 oppidum,
780 1266 836 1298 ut
868 1271 981 1299 cuin
1008 1269 1093 1310 eo,
1139 1250 1176 1297 fi.
1205 1251 1400 1316 copiam
1417 1251 1519 1309 fors
1541 1246 1624 1296 de-

213 1314 379 1375 diss'et,
409 1318 597 1365 viarum
619 1318 873 1383 asperitate
897 1320 1100 1382 fatigato
1125 1318 1411 1366 decerneret
1441 1319 1494 1364 in
1521 1318 1624 1381 pla-

149 1383 346 1433 nnitie.
420 1386 689 1436 Consulens
710 1402 873 1435 tamen
896 1387 967 1436 rei
991 1387 1270 1449 communi,
1314 1388 1402 1435 Cn.
1432 1386 1624 1450 Scipioa

211 1471 325 1500 nem
352 1455 551 1502 fratrem
573 1456 643 1504 ire
677 1457 871 1506 monuit
904 1457 955 1503 in
994 1455 1277 1521 Hispanias,
1320 1469 1376 1503 ut
1408 1454 1629 1503 Hasdru-

212 1523 376 1571 balem
412 1524 587 1572 exinde
625 1525 840 1574 [imiliter
871 1540 1160 1590 erupturum
1193 1538 1393 1574 arceret.
1487 1524 1627 1582 Quae

215 1590 467 1640 Hannibal
489 1592 664 1640 doetus
686 1613 711 1640 a
734 1594 949 1657 perfugis
967 1631 979 1654 ,
1016 1608 1072 1640 ut
1097 1608 1198 1640 erat
1221 1593 1474 1658 expeditae
1494 1607 1629 1640 men-

217 1659 279 1708 tis
314 1674 361 1708 et
390 1660 622 1722 callidae,
684 1661 914 1709 Taurinis
950 1662 1243 1709 ducentibus
1284 1662 1489 1723 accolis,
1543 1679 1631 1726 per

221 1725 261 1792 ⁶)
294 1728 590 1778 Tricastinos
620 1745 667 1778 et
701 1748 834 1777 oram
869 1733 909 1796 ⁷)
940 1731 1305 1778 Vocontiorum
1346 1744 1629 1791 extremam,

223 1795 287 1845 ad
305 1796 449 1846 saltus
473 1798 726 1846 Tricorios
745 1800 892 1847 venit.
964 1799 1187 1864 Indeque
1228 1799 1450 1860 exorsus,
1496 1799 1631 1846 aliud

221 1865 315 1915 iter
353 1867 558 1914 antehac
593 1867 919 1933 insuperabile
944 1869 1098 1916 fecit:
1141 1867 1393 1933 excisaque
1429 1886 1549 1932 rupe
1582 1868 1633 1915 iu

225 1935 518 1983 immensum
543 1937 695 1998 elata,
741 1956 887 2001 quam
915 1937 1181 1984 cremando
1213 1938 1261 1984 vi
1296 1955 1467 2001 magna
1494 1940 1633 1984 ssam-

227 2021 417 2052 marum
439 2020 676 2070 acetoque
703 2006 739 2070 Β)
759 2005 917 2053 infuso
942 2006 1177 2066 (liss'olvit,
1223 2025 1307 2071 per
1345 2006 1632 2053 Druentiam

226 2075 411 2121 flumen
434 2074 704 2138 gurgitibus
730 2076 858 2138 vagis
889 2076 1128 2136 intutum,
1172 2076 1392 2137 regiones
1427 2093 1635 2139 occupa-

229 2141 300 2188 vit
327 2141 566 2189 Etruscas.
653 2144 897 2192 Hactenus
938 2144 1082 2208 l'uper
1120 2145 1361 2209 Alpibus,
1414 2162 1543 2190 nunc
1571 2141 1634 2189 ad

231 2209 456 2261 restantia
476 2212 735 2260 veniamus.

202 2293 220 2321 1
336 2281 428 2328 XI.
465 2281 796 2347 Temporibus
819 2279 1012 2348 priscis,
1041 2298 1149 2328 cum
1174 2281 1379 2328 laterent
1407 2279 1499 2326 hae
1531 2296 1637 2344 par·

236 2363 308 2396 tes
342 2364 398 2398 ut
433 2351 692 2412 barbarae,
746 2349 1013 2413 tripartitae
1059 2349 1196 2397 fuiss'e
1236 2350 1525 2408 creduntur,
1584 2347 1635 2393 in

238 2419 397 2466 Celtas
422 2419 718 2486 eosdemque
739 2419 906 2467 Gallos
933 2417 1136 2480 divisae,
1178 2433 1224 2467 et
1248 2418 1544 2483 Aquitanos,
1573 2428 1637 2474 et

238 2487 437 2552 Belgas,
469 2490 660 2553 lingua,
703 2487 953 2547 institutis,
983 2488 1269 2553 legibusque
1291 2487 1633 2549 discrepantes.

207 2555 303 2603 2Et
333 2558 500 2607 Gallos
536 2558 764 2624 quidem,
814 2557 897 2622 qui
931 2558 1091 2605 Celtae
1121 2557 1257 2620 l'unt,
1292 2558 1351 2603 ab
1377 2553 1637 2619 Aquitanis

524 2653 805 2692 -..-.-..-.Ω.

292 2743 334 2789 ᾗ)
368 2745 434 2780 Ms-
470 2745 581 2793 sequi.
643 2751 685 2783 (ἢ
722 2746 764 2781 al.
806 2744 1039 2781 Tricastinos.
1097 2747 1131 2792 7)
1168 2744 1235 2779 ΜΓ.
1275 2742 1550 2788 Vocontigrum.
1603 2741 1640 2786 8)

247 2790 313 2824 Mt,
347 2791 460 2825 iuml.
488 2807 578 2839 «guae
603 2794 764 2831 insolidis
789 2792 901 2830 solvit.
1244 2813 1249 2819 ·
