1727 3144
235 163 681 195 VALENTINIAN.
730 163 802 194 ET
845 162 1096 195 vannus.
1180 149 1295 211 567.
1402 153 1499 200 445

99 285 332 334 perrupto
363 272 646 334 barbarico,
690 271 985 320 continuatis
1021 271 1278 319 itineribus
1307 273 1501 338 longius

99 353 293 401 agentes
331 341 672 406 Greuthungos
710 339 990 390 bellicosam
1029 355 1220 406 gentem
1263 341 1503 404 adgrell'us

101 407 190 454 est:
220 409 423 473 postque
448 411 632 458 leviora
651 411 915 459 certamina
935 409 1288 457 Athanaricum
1310 428 1362 457 ea
1389 425 1506 458 tem-

98 477 278 540 pestate
298 478 512 527 iudicem
538 478 941 544 potentissimum,
975 479 1140 527 ausum
1163 478 1372 526 relistere
1394 498 1507 527 euin

100 563 250 592 manu
275 566 420 612 quam
453 548 540 595 fibi
574 548 841 597 crediderit
869 548 1140 609 abundare,
1179 562 1508 596 extremorum

101 629 236 661 metu
267 617 431 680 coegit
461 618 511 665 in
545 617 736 682 fugam:
779 616 979 681 ipseque
1009 636 1121 664 cum
1151 617 1378 664 omnibus
1411 617 1506 663 suis

101 682 514 749 Marcianopolim
542 686 744 745 redivit,
790 685 849 731 ad
884 685 1099 733 hiemem
1139 685 1401 750 agendam,
1451 699 1506 733 ut

103 751 153 796 in
175 753 270 799 illis
292 754 525 800 tractibus
549 753 777 801 habilem.

204 820 424 868 Aderant
465 821 571 885 post
615 819 830 868 diversos
875 820 1074 869 triennii
1123 820 1258 871 casus
1301 820 1554 882 finiendi7

101 886 218 934 belli
241 889 467 937 materiae
490 890 813 955 tempestivae.
897 889 1086 951 Prima,
1123 891 1260 956 quod
1288 909 1344 940 ex
1370 893 1509 939 Prin-

101 955 224 1019 cipis
257 957 487 1005 diutuma
516 958 850 1024 permansione
878 973 1034 1006 metus
1063 961 1328 1023 augebatui
1361 960 1509 1007 hosti-

99 1024 189 1071 lisz
219 1025 358 1088 dein,
390 1027 528 1105 quod
552 1028 858 1076 commerciis
886 1027 1072 1086 vetitis,
1103 1029 1273 1076 ultima
1306 1029 1512 1076 necess'a-

103 1093 287 1141 rimam
311 1096 479 1160 inopia
505 1097 698 1144 barbari
719 1064 1098 1160 stringebantuti:
1143 1095 1266 1144 adeo
1299 1111 1354 1144 ut
1384 1098 1512 1161 lega-

102 1175 179 1209 tos
210 1162 451 1233 supplices
482 1165 622 1231 saepe
654 1165 899 1214 mittentes
926 1165 961 1228 ⁵)
988 1165 1222 1212 venialem
1258 1164 1514 1229 poscerent

102 1249 292 1295 pacem.
374 1229 567 1290 Quibus
605 1235 878 1299 Imperator
907 1232 1042 1280 rudis
1072 1234 1301 1299 quidem,
1343 1253 1507 1282 ver·uu
1530 1245 1558 1288 8

104 1300 343 1364 lpectator
364 1301 525 1351 adhuc
543 1303 848 1368 aequissimus
881 1321 1069 1359 retum,
1110 1318 1368 1368 antequam
1398 1304 1514 1350 adu-

103 1369 340 1417 lationum
363 1371 645 1436 perniciosis
665 1372 907 1420 illecebris
934 1386 1102 1435 captus
1130 1390 1232 1419 iem
1263 1373 1512 1437 publicam

104 1439 359 1486 funeribus
383 1458 621 1506 perpetuo
644 1440 883 1489 deflendis
904 1440 1179 1502 adfligeret,
1217 1443 1264 1487 in
1296 1460 1514 1488 commu-

106 1525 168 1554 ne
191 1507 466 1556 consultaus
486 1527 655 1573 pacem
679 1509 793 1557 dare
816 1523 1043 1574 oportere
1066 1508 1296 1557 decrevit.
1340 1509 1379 1574 ⁶)
1400 1508 1514 1556 Mis-
1531 1522 1557 1562 9

106 1576 240 1643 lique
264 1577 464 1624 viciffim
484 1579 658 1629 Victor
679 1593 724 1626 et
747 1578 1066 1637 Arinthaeus‚
1106 1578 1189 1642 qui
1220 1592 1334 1626 tune
1370 1596 1514 1643 eque-

106 1645 248 1692 strem
274 1664 328 1692 ac
353 1646 623 1711 pedestrem
643 1647 864 1694 militiam
888 1647 1119 1711 agebant:
1152 1648 1236 1711 qui
1263 1666 1374 1694 cum
1404 1665 1515 1711 pro-

104 1713 274 1778 positis
321 1714 688 1764 conditionibus
727 1715 957 1763 adsentiri
1004 1715 1199 1762 Gothos
1242 1715 1514 1764 docuiss'ent

104 1783 280 1830 litteris
324 1784 466 1845 veris,
536 1785 864 1849 praestituitur
917 1784 1285 1847 componendae
1337 1786 1375 1849 ⁷)
1408 1783 1514 1848 paci

108 1852 405 1900 conveniens
430 1854 583 1901 locus.
662 1854 725 1900 Et
756 1853 988 1918 quoniam
1021 1852 1269 1900 adferebat
1297 1853 1514 1900 Athana-

106 1920 262 1981 ricus,
302 1920 392 1968 sub
428 1921 643 1969 timenda
679 1920 1005 1969 exsecratione
1043 1922 1081 1985 ⁸)
1110 1921 1421 1969 iurisiurandi
1465 1921 1512 1970 se

109 1988 200 2037 else
223 1990 530 2052 obstrictum,
563 1989 899 2055 mandatisque
923 1989 1227 2054 prohibitum
1251 1992 1422 2055 patris,
1453 2008 1513 2038 ne

107 2057 264 2105 solum
285 2059 492 2107 calcaret
509 2058 770 2124 aliquando
791 2059 1147 2120 Romanorum,
1184 2074 1232 2106 et
1254 2059 1384 2122 adigi
1414 2077 1514 2105 non

107 2140 325 2190 poterat,
353 2127 740 2192 indecorumque
763 2142 864 2175 erat
887 2142 934 2176 et
957 2129 1050 2175 vile
1070 2127 1132 2174 ad
1160 2145 1270 2174 eum
1301 2128 1516 2190 Impera-

109 2210 267 2242 torem
288 2195 517 2243 transire:
556 2210 685 2244 reete
711 2195 1022 2244 noscentibus
1056 2196 1263 2260 placuit,
1309 2196 1515 2242 navibus

112 2264 316 2328 remigio
341 2262 536 2312 directis
557 2265 606 2311 in
633 2264 850 2312 medium
874 2269 1080 2322 flumen,
1117 2281 1240 2328 quae
1273 2263 1516 2311 vellebant

110 2349 222 2380 cum
248 2332 496 2396 armigeris
523 2332 826 2398 Principem,
875 2334 1125 2400 gentisque
1156 2331 1370 2379 iudicem
1399 2331 1513 2380 inde

111 2420 224 2448 cum
274 2400 393 2462 suis,
451 2400 727 2464 foederari,
788 2417 843 2451 ut
894 2403 1119 2450 statutum
1175 2401 1265 2460 est,
1326 2419 1508 2464 pacem.

113 2470 323 2534 Hocque
365 2470 636 2534 composito
676 2485 724 2518 et
749 2472 958 2536 acceptis
994 2468 1269 2527 oblidibus,
1332 2470 1511 2517 Valens
1537 2495 1589 2524 10

115 2539 585 2603 Constantinopolim
639 2538 807 2589 rediit:
852 2539 939 2588 ubi
987 2537 1149 2604 postea
1186 2537 1512 2588 Athanaricus

118 2660 208 2672 vu·—

162 2725 203 2763 5)
230 2724 300 2759 Ms.
339 2724 501 2760 venalem
538 2738 585 2771 po
567 2724 732 2761 oscetent
768 2740 893 2780 praec
879 2740 945 2760 ·.m
1005 2726 1043 2771 6)
1071 2725 1122 2758 al.
1154 2722 1338 2772 emisitque
1364 2723 1515 2761 viciffim

118 2771 182 2804 xi.-
180 2781 300 2805 torem
327 2782 362 2807 et
387 2771 609 2807 Arintheum.
668 2785 702 2819 7,
723 2774 791 2810 ΜΓ.
821 2775 931 2821 pacis.
978 2773 1014 2817 8)
1045 2770 1110 2809 Ml.
1139 2771 1295 2806 iurandi.
