1727 3144
280 136 545 169 VALENT.
590 137 720 169 var..
765 138 838 168 ΕΤ
875 138 1160 170 GnArrAx.
1232 126 1348 185 569.
1452 126 1544 187 487

131 245 394 294 maximus:
435 261 483 294 et
516 246 682 297 videre
717 247 834 296 licet
862 264 951 312 per
972 246 1107 307 fora,
1147 261 1195 295 et
1217 249 1460 312 compita,
1493 265 1542 296 et
1584 250 1585 258 ’

129 317 335 380 plateas9
367 330 414 363 et
433 317 771 376 conventicula
794 316 1003 364 circulos
1024 315 1204 363 multos
1229 317 1464 365 collectos
1491 318 1538 363 in

127 385 178 432 l'e
205 385 528 434 controverfis
558 387 726 451 iurgiis
747 386 890 447 ferri,
921 385 1027 433 aliis
1058 384 1216 446 aliud,
1249 399 1303 432 ut
1331 388 1413 445 fit,
1457 385 1537 434 de-

129 453 463 503 fendentibus.
547 456 684 504 Inter
728 473 852 522 quos
899 454 976 515 hi,
1035 454 1121 519 qui
1167 453 1231 501 ad
1272 452 1538 501 satietatem
1555 459 1613 499 30

127 523 376 585 vixerunt,
405 524 623 589 potiores
651 525 937 574 auctoritate
968 525 1230 588 longaeva,
1273 541 1359 587 per
1391 540 1538 570 canos

127 605 176 638 et
209 591 264 658 3⁵)
288 611 428 657 rugas
474 595 727 643 clamitant
765 592 929 658 saepe,
990 611 1095 641 rem
1130 592 1382 658 publicam
1418 591 1538 639 stare

126 678 226 708 non
254 662 415 726 polle,
454 663 492 710 fi
512 664 675 711 futura
711 662 1101 722 concertatione,
1146 680 1294 727 quem
1327 660 1535 725 quisquc

121 729 368 793 vindicat,
412 732 689 779 carceribus
722 748 822 778 non
852 729 910 795 ³⁵)
932 730 1174 777 exfiluerit
1194 731 1450 795 princep8,
1487 743 1535 776 et

116 797 370 846 funalibus
408 801 547 863 equis
581 818 756 863 parum
792 798 1115 848 cohaerenter
1158 798 1538 846 circumflexerit

116 880 313 915 metam.
394 867 458 915 Et
488 868 575 915 ubi
607 869 930 934 negligentiae
958 881 1089 915 tanta
1128 867 1194 915 est
1227 868 1410 928 caries,
1458 876 1601 919 ex-3t

116 949 291 999 >optato
323 935 404 985 die
433 937 728 1002 equestrium
758 936 992 985 ludorum
1021 934 1375 997 inlucescente,
1412 954 1536 983 non-

117 1002 240 1052 dum
267 1003 383 1053 solis
416 1024 544 1070 puro
575 1006 773 1066 iubare,
816 1005 871 1070 ³⁷)
891 1004 1081 1052 effusius
1114 1023 1283 1052 omnes
1307 1005 1534 1052 festinant

114 1073 433 1138 praecipites,
468 1089 524 1122 ut
545 1075 806 1130 velocitate
827 1092 997 1121 currus
1009 1072 1150 1167 ³isspsos
1182 1087 1409 1121 anteeant
1429 1091 1529 1120 cer-

114 1156 326 1191 taturos:
377 1142 521 1207 super
558 1161 772 1208 quorum
804 1157 982 1191 eventu
1009 1141 1067 1200 ³⁸)
1095 1140 1270 1189 discissi
1299 1155 1530 1190 votorum

110 1209 307 1266 studiis
339 1212 466 1258 anxii
488 1211 688 1276 plurimi
712 1226 861 1276 agunt
880 1212 1139 1275 pcivigiles
1167 1224 1355 1258 noctes.

209 1278 383 1341 Unde,
413 1279 451 1327 fi
471 1281 534 1327 ad
550 1280 838 1329 theatralem
866 1294 1067 1328 ventum
1096 1279 1244 1327 fuerit
1272 1279 1569 1339 vilitatem,'⁷
1542 1300 1602 1332 ρει,

107 1347 320 1396 artifices
339 1348 544 1397 scenarii
562 1367 651 1414 per
677 1349 843 1397 sibilos
875 1349 931 1379 ³⁹*
917 1348 1311 1414 exploduntur,
1351 1347 1386 1395 li
1416 1347 1525 1412 quis

106 1417 202 1466 fibi
257 1435 367 1466 aere
417 1418 737 1467 humiliorem
789 1437 889 1467 non
934 1418 1269 1465 conciliaverit
1312 1417 1522 1481 plebem.

110 1485 214 1542 Qui
237 1485 275 1533 fi
305 1485 518 1535 defuerit
549 1487 800 1552 strepitus,
840 1486 903 1534 ad
929 1485 1255 1533 imitationem
1284 1485 1526 1534 Tauricae

107 1554 268 1615 gentis
286 1555 572 1620 peregrinos
592 1557 924 1604 vociferantur
946 1556 1063 1619 pelli
1088 1554 1270 1602 debere
1290 1556 1524 1620 (quorum

105 1622 331 1671 subfidiis
363 1622 555 1690 semper
582 1624 673 1672 nifi
700 1623 811 1672 sunt
836 1643 891 1672 ac
915 1624 1170 1688 steterunt)
1194 1637 1241 1671 et
1260 1623 1423 1670 taetris
1441 1640 1527 1670 vo-

107 1692 248 1740 cibus
270 1707 318 1741 et
340 1692 588 1741 absurdis:
632 1711 753 1757 quae
772 1695 918 1758 longe
943 1693 1212 1741 abhorrent
1233 1710 1258 1739 a
1276 1690 1456 1739 studiis'
1477 1703 1527 1737 et

105 1762 357 1810 voluntate
394 1762 572 1810 veteris
601 1762 733 1810 illius
758 1763 947 1827 plebis,
991 1761 1130 1809 cuius
1171 1761 1326 1808 multa
1364 1761 1521 1807 facete

106 1830 237 1877 dicta
272 1831 510 1878 memoria
543 1831 765 1896 loquitur
806 1845 854 1879 et
891 1832 955 1894 ⁴⁰)
978 1829 1189 1878 venusta.
1289 1828 1352 1877 Id
1387 1828 1589 1881 enim33

102 1916 234 1946 nunc
268 1913 517 1963 repertum
551 1900 616 1947 est
655 1917 746 1964 pio
784 1901 946 1947 sonitu
985 1897 1186 1946 laudum
1224 1896 1520 1975 impensiore

99 1985 190 2033 per
211 1966 480 2032 adplicatos
502 1967 727 2015 homines
750 1967 812 2015 ad
841 1966 1172 2031 loquendum,
1216 1980 1274 2014 ut
1304 1967 1354 2013 in
1382 1965 1518 2013 omni

100 2035 405 2100 spectaculo,
436 2035 709 2097 exodiatio,
744 2038 981 2097 venatori,
1014 2036 1236 2100 affligam,
1263 2050 1310 2082 et
1327 2034 1518 2081 histiio-

101 2123 222 2151 num
268 2105 435 2169 generi
478 2105 638 2165 omni,
689 2118 737 2153 et
775 2074 1024 2153 iudicibiis
1063 2104 1197 2152 celfis
1242 2103 1514 2166 itidemque

100 2173 402 2234 minoribus,
437 2190 528 2220 nec
546 2191 648 2220 non
669 2174 813 2222 etiam
837 2189 1072 2222 untionis
1099 2174 1334 2220 clametm
1354 2173 1393 2198 ⁴¹
1398 2169 1513 2235 >ad-

102 2240 264 2303 fidue,
301 2245 396 2289 Per
425 2250 472 2288 te
499 2244 573 2288 ille
605 2245 783 2304 discat:
826 2243 949 2310 quid
981 2257 1143 2291 autem
1170 2240 1346 2289 debeat
1372 2237 1510 2299 disci,

102 2327 250 2359 nemo
271 2308 449 2359 sufficit
470 2311 742 2374 explanare.

147 2571 211 2617 35)
235 2567 304 2605 ΜΓ.
333 2580 368 2605 et
392 2581 518 2617 rogant
546 2569 778 2605 velamittant.
835 2568 902 2615 56)
931 2566 1094 2602 exilueiit
1121 2566 1229 2613 prin.
1253 2589 1262 2598 .
1285 2589 1293 2598 .
1316 2565 1492 2598 .nominn

105 2614 190 2650 bilis
215 2618 315 2669 equis
337 2629 466 2664 parum
489 2616 642 2651 coherce
666 2641 833 2650 ......
859 2614 1064 2648 ercircumc
1053 2612 1199 2647 εἸεκειὶῑ
1224 2620 1356 2646 metam
1380 2620 1416 2644 et
1446 2586 1509 2644 ubi

230 2663 347 2698 entiae
373 2673 471 2698 tanta
500 2662 549 2697 est
576 2662 700 2696 caries.
756 2663 948 2708 Emptum.
1006 2662 1025 2695 3
1031 2662 1070 2705 7)
1098 2658 1165 2695 ΜΓ.
1188 2655 1308 2694 fufius.
1358 2663 1418 2698 38)
1442 2655 1509 2692 ΜΓ.

105 2661 250 2789 iiffiiffi.
300 2711 357 2756 59)
386 2709 455 2745 ΜΓ.
482 2707 724 2755 explorantur.
785 2717 845 2751 (40)
874 2705 939 2741 ΜΓ
972 2719 1013 2737 νε»
997 2671 1145 2740 en7ulias
1194 2707 1257 2749 lu)
1278 2701 1345 2739 ΜΓ.
1376 2701 1512 2738 obsidio.

210 2754 318 2788 .Per
340 2766 385 2789 ιμ’
