1727 3144
1434 216 1458 226 .-

193 229 633 262 CONSTANTIUS
675 229 750 260 ΕΤ
781 227 1093 259 1UL1ANUs.
1167 215 1281 260 561
1363 220 1458 261 240

57 339 206 405 dicta)
229 338 532 388 Constantius
555 338 775 386 hiemans
794 336 1084 386 Antiochiae
1100 373 1114 399 ,
1155 335 1292 387 domi
1322 339 1461 385 mili-

55 409 246 473 tiaeque
295 408 516 473 perfecit.
590 409 725 455 Inter
772 407 1049 471 complures
1104 405 1224 454 alios
1270 405 1507 454 honorez

54 477 363 542 conspicuos,
391 476 639 526 adoraturi
660 477 1014 542 Imperatorem
1034 493 1234 539 peregre
1255 475 1462 522 venien-

54 560 156 594 tem
178 546 465 594 ordinantur
487 547 633 593 etiam
656 564 717 594 ex
738 545 945 592 tribunis
974 545 1256 609 infignibus.
1337 545 1465 591 Cum

54 614 205 679 igitur
238 635 263 662 a
289 614 644 680 Mesopotamia
678 614 892 662 reversus
923 614 1232 662 Constantius
1249 613 1347 661 hoc
1371 631 1463 660 ex·—

57 685 304 748 ciperetur
325 682 512 744 officio,
550 683 928 747 Amphilochius
949 681 1151 746 quidam
1178 700 1236 730 ex
1263 683 1464 732 tribuno

55 751 334 817 Paphlago,
380 770 525 817 quem
555 751 741 798 dudum
772 751 860 798 lub
892 752 1149 799 Constante
1178 751 1469 799 militantem

59 820 416 885 discordiarum
470 821 633 868 seviffe
681 820 841 867 causas
883 820 1010 867 inter
1048 821 1237 885 priores
1275 821 1469 877 fratres,

56 888 354 953 suspiciones
375 890 631 953 contiguae
653 889 841 936 veritati
861 888 1131 953 pulsabant,
1156 887 1294 936 ausus
1319 889 1468 954 paul-

49 959 108 1005 ‹lo
134 959 424 1022 petulantius
443 958 587 1019 stare,
618 972 672 1006 ut
688 957 790 1024 ipse
816 977 1014 1025 quoque
1044 959 1105 1006 ad
1133 959 1286 1023 parile
1316 957 1468 1006 obse-

61 1029 233 1091 quium
271 1029 305 1092 ¹)
337 1026 695 1090 admittendus,
737 1029 926 1093 agnitus
966 1028 1033 1076 est
1065 1042 1113 1076 et
1155 1028 1489 1092 prohibitusz·

59 1097 480 1162 strepentibusque
512 1097 677 1144 multis
690 1134 703 1159 ,
754 1111 803 1145 et
839 1097 1019 1145 intueri
1058 1099 1219 1145 lucem
1264 1096 1467 1144 ulterius

60 1183 161 1212 non
185 1165 363 1225 debere
396 1166 718 1214 clamantibus
749 1180 804 1213 ut
831 1167 1136 1231 perduellem
1168 1180 1216 1215 et
1235 1165 1468 1214 obstina-

62 1247 189 1295 tum,
222 1235 528 1282 Constantius
551 1236 679 1283 circa
700 1236 822 1284 haee
842 1237 1001 1283 lenior
1028 1236 1194 1285 solito:
1230 1236 1468 1294 Desinite,

63 1303 128 1349 ait
142 1339 153 1361 ,
189 1321 364 1365 urgere
379 1306 626 1350 hominem
638 1339 654 1361 ,
687 1315 740 1351 ut
759 1307 1206 1366 exssimosbntem',
1225 1307 1325 1366 ῥά
1341 1319 1471 1349 non-

64 1376 181 1417 dum
211 1382 383 1434 aperte
419 1377 715 1419 convictum:
766 1383 812 1420 et
849 1384 1165 1433 mementote,
1227 1376 1375 1435 qaod,
1415 1373 1472 1432 st

65 1443 185 1504 quid
213 1443 408 1501 admisit
442 1442 716 1488 huiusmodi
727 1478 742 1499 ,
772 1443 869 1504 sich
912 1442 1146 1489 obtutibus
1189 1444 1308 1488 meis
1348 1458 1471 1488 con-

48 1512 291 1572 scientiae
312 1512 456 1571 zpstzcs
456 1512 709 1569 sententia
715 1515 955 1573 punietur
971 1547 983 1570 ,
1019 1529 1170 1574 qaam
1199 1514 1354 1556 latere
1373 1525 1472 1556 non

55 1582 268 1642 poterit:
313 1592 359 1625 et
389 1579 455 1625 ita
491 1577 746 1626 (lisceII'um
779 1579 856 1626 est.
939 1578 1178 1626 Postridie
1199 1579 1328 1625 ludis
1355 1579 1513 1631 Cir-3

67 1646 287 1694 cenfibus
309 1646 439 1693 idem
465 1664 521 1694 ex
543 1647 742 1695 adverso
764 1647 1104 1710 Imperatoris,
1139 1647 1227 1694 ubi
1257 1646 1472 1694 consue-

68 1730 227 1776 verat,
264 1716 507 1781 spectans,
554 1716 811 1780 repentino
851 1715 1063 1763 clamore
1102 1715 1318 1776 sublato,
1359 1734 1474 1762 cum

68 1800 312 1831 certamen
334 1784 586 1847 opinatum
607 1785 933 1846 emitteretur,
970 1783 1202 1833 diffractis
1230 1785 1475 1845 cancellis,

71 1854 249 1918 quibus
270 1871 364 1899 una
394 1871 506 1899 cum
533 1854 753 1918 pluribus
776 1854 1117 1916 incumbebat,
1150 1854 1338 1901 cunctis
1362 1872 1477 1900 cum

70 1939 130 1969 eo
159 1922 210 1968 in
236 1940 411 1969 vanum
434 1923 656 1983 excussis,
694 1923 927 1988 laefisque
955 1924 1128 1971 leviter
1158 1922 1350 1988 paucis,
1392 1922 1478 1968 in-

69 2004 206 2038 terna
226 2009 462 2055 compage
482 1989 701 2056 disrupta
723 1991 890 2040 efflass'e
919 1991 1141 2057 spiritum
1171 1997 1390 2056 repertus
1411 1991 1477 2039 est

69 2059 226 2107 solus:
273 2060 403 2106 unde
436 2060 742 2109 Constantius
782 2062 1061 2108 futurorum
1093 2079 1292 2127 quoque
1329 2078 1478 2126 prae-

68 2127 195 2177 scius
216 2127 497 2177 exsultabat.

172 2197 362 2245 'Eodem
388 2211 609 2261 tempore
643 2197 917 2245 Faustinam
945 2197 1144 2246 nomine
1185 2195 1382 2244 sortitus
1412 2186 1519 2242 ests}

73 2266 358 2330 coniugem,
374 2264 553 2318 ⁵‹stimiss'a
573 2266 861 2331 iampridem
887 2267 1120 2328 Eusebia,
1151 2266 1288 2314 cuius
1309 2267 1480 2312 fratres

75 2348 213 2381 erant
242 2333 479 2382 Eusebius
522 2348 569 2382 et
619 2334 858 2400 Hypatius
895 2336 1196 2396 consulares,
1259 2333 1481 2397 corporis

74 2413 368 2468 mommque
404 2403 734 2468 pulcritudine
769 2406 992 2470 pluribus
1037 2404 1310 2462 antistante,
1351 2401 1481 2449 etin

75 2472 289 2521 culmine
320 2486 418 2519 tam
450 2471 579 2519 celso
610 2472 848 2521 humana:
887 2475 1025 2520 cuius
1047 2474 1213 2519 favore
1234 2469 1482 2519 iustiffimo

78 2555 355 2605 exemptum
378 2541 624 2606 periculis,
655 2540 1047 2606 declaratumque
1076 2539 1326 2589 Caesarem
1344 2553 1484 2588 retu-

77 2607 221 2656 limus
246 2610 509 2657 Iulianum.

783 2680 828 2737 Q
853 2696 892 2726 -2

133 2835 172 2881 1)
195 2831 265 2870 ΜΓ.
290 2833 546 2872 admittendus.
