1727 3144
242 154 342 202 610
740 162 1219 194 EXCERPTA.

241 291 461 342 raptum,
493 288 601 323 ante
636 272 786 337 pedes
813 270 1086 336 supplicem
1122 267 1308 317 Galerii
1337 262 1646 330 imperatoris

243 346 524 394 adduxerat.
596 340 822 402 Deinde,
868 340 1065 388 Galerio
1099 339 1344 398 mittente,
1398 351 1484 399 per
1518 333 1648 397 palu-

247 415 362 463 dem
381 432 509 480 equo
533 411 761 476 ingrell'us
789 408 896 471 suo,
931 410 1059 457 viam
1083 407 1283 455 caeteris
1307 405 1425 453 fecit
1446 400 1509 449 ad
1541 401 1651 447 Sar-

245 499 412 544 matas,
446 501 502 530 ex
526 482 703 546 quibus
725 478 944 544 plurimis
968 478 1145 538 stratis,
1181 475 1378 523 Galerio
1397 470 1654 520 victoriam

200 553 231 601 4
249 551 529 618 reportavit.
602 550 744 597 Tunc
769 567 879 595 eum
899 547 1123 594 Galerius
1144 545 1268 610 patri
1290 542 1484 591 remifit.
1536 537 1658 594 Qui,

248 636 304 669 ut
334 622 570 669 Severum
599 636 686 683 per
717 618 906 665 Italiam
937 618 1172 662 transiens
1211 613 1410 673 vitaret,
1469 607 1657 656 summa

248 690 554 739 festinatione
580 687 784 736 ”veredis
814 686 920 750 post
957 684 1004 733 fe
1041 683 1294 731 truncatis·
1315 683 1467 746 Alpes
1507 691 1661 724 trans-

252 758 458 824 greffus‚
505 756 568 806 ad
595 771 784 821 patrem
816 753 1148 805 Constantium
1179 751 1313 800 venit
1342 749 1472 814 apud
1498 747 1663 794 Bono.

253 829 411 887 niam,
483 844 629 890 quam
679 824 811 870 Galli
850 823 986 886 prius
1033 821 1351 867 Gesoriacum
1404 818 1660 865 vocabant.

252 897 367 944 Post
399 893 654 940 victoriam
682 905 844 938 autem
884 889 1137 936 Pictorum
1180 887 1485 935 Constantius
1528 899 1665 949 pater

253 962 468 1011 Eboraci
493 973 714 1007 mortuus
738 959 829 1018 est,
869 972 915 1005 et
937 956 1276 1005 Constantinus
1299 955 1518 1002 omnium
1544 952 1670 1000 mili-

261 1047 366 1080 tum
393 1028 627 1077 consensu
649 1028 820 1076 Caesar
854 1042 1057 1075 creatus.

217 1089 246 1134 5
366 1100 559 1147 Interea
583 1097 802 1144 Caesares
826 1096 924 1143 duo
951 1097 1066 1143 facti
1082 1133 1094 1156 ⁷
1143 1097 1349 1143 Severus
1373 1107 1420 1142 et
1446 1090 1672 1142 Maximi-

263 1186 383 1217 nus:
425 1165 692 1214 Maximino
718 1165 885 1213 datum
910 1166 974 1213 est
996 1166 1212 1214 Orientis
1243 1166 1532 1230 imperium:
1579 1164 1674 1210 Ga-

260 1238 410 1286 lerius
430 1236 521 1283 fibi
544 1236 822 1300 Illyricum,
852 1235 1086 1283 Thracias
1106 1250 1153 1283 et
1179 1235 1456 1300 Bithyniam
1488 1233 1671 1280 tenuit:

267 1308 476 1356 Severus
515 1304 725 1368 suscepit
764 1305 980 1365 Italiam,
1036 1319 1084 1352 et
1125 1304 1372 1370 quidquid
1411 1302 1675 1350 Hercufius

223 1368 253 1413 6
272 1376 539 1424 obtinebat.
612 1373 873 1438 Postquam
894 1392 1010 1422 vero
1031 1375 1338 1423 Constantius
1359 1375 1408 1420 in
1426 1371 1677 1420 Britannia

269 1459 491 1493 mortuus
515 1443 608 1503 est,
646 1457 693 1490 et
714 1444 1053 1491 Constantinus
1074 1445 1203 1491 filius
1235 1442 1448 1491 succeffit
1465 1479 1478 1503 ,
1511 1440 1677 1488 subito

269 1515 321 1561 in
343 1515 464 1560 urbe
484 1513 636 1560 Roma
657 1512 951 1576 praetoriani
972 1513 1151 1561 milites
1181 1511 1485 1561 Maxentium
1517 1510 1678 1558 filium.

268 1582 495 1631 Herculii
543 1583 892 1645 imperatorem
934 1597 1173 1630 crearunt.
1264 1583 1367 1630 Sed
1423 1579 1679 1641 adversum

269 1651 570 1700 Maxentium
597 1650 721 1698 iuffu
759 1652 942 1699 Galerii
972 1653 1181 1700 Severus
1221 1651 1359 1714 duxit
1395 1650 1677 1698 exercitum.

272 1721 373 1777 Qui
394 1735 591 1785 repente
612 1720 672 1767 ab
697 1722 924 1768 omnibus
944 1721 1039 1768 suis
1062 1721 1276 1769 desertus
1302 1721 1391 1781 est,
1429 1733 1476 1766 et.
1495 1719 1680 1766 Raven-

271 1809 385 1837 nam
415 1790 564 1854 fugit:
610 1789 788 1837 dehinc
822 1791 1044 1838 Galerius
1077 1810 1189 1838 cum
1221 1782 1499 1854 ingentibus
1522 1786 1680 1852 copiis

272 1858 479 1905 Romam
499 1860 630 1906 venit
641 1896 657 1917 ,
691 1860 899 1906 minatus
919 1860 1124 1908 clvitatis
1148 1862 1425 1918 interitum,
1467 1872 1515 1905 et
1531 1856 1683 1904 castra

229 1926 581 1974 7Interamnae
614 1927 676 1974 ad
708 1929 930 1976 Tiberim
971 1929 1143 1993 posuit.
1236 1930 1377 1977 Tunc
1404 1929 1589 1990 legatos
1619 1924 1684 1973 ad

276 1995 449 2041 urbem
476 1994 603 2040 milit
622 1996 869 2042 Licinium
891 2012 938 2044 et
961 1998 1180 2044 Probum
1195 2036 1207 2058 ,
1255 2016 1344 2062 per
1375 1988 1684 2058 colloquium

277 2077 475 2127 petens,
509 2076 564 2108 ut
594 2080 738 2127 gener
773 2066 903 2127 apud
937 2065 1180 2127 socerum,
1225 2066 1279 2112 id
1308 2066 1373 2113 est
1405 2063 1682 2111 Maxentius

279 2131 412 2195 apud
446 2132 697 2178 Galerium
738 2134 962 2196 precibus
988 2135 1149 2197 magis*
1175 2152 1319 2198 quam
1347 2134 1489 2180 armis
1522 2144 1686 2195 optata

279 2215 590 2248 mercaretur.
673 2201 773 2256 Qui
816 2216 1151 2266 contemptus,
1204 2203 1401 2267 agnovit
1448 2199 1684 2266 promillis

280 2269 499 2316 virorum
534 2269 769 2326 Maxentii
810 2286 964 2335 partes
1003 2270 1109 2318 suas
1155 2271 1437 2320 deseruisse:
1505 2269 1685 2335 quibus

279 2339 590 2401 perturbatus
627 2353 755 2386 retro
787 2339 947 2388 versus
975 2339 1062 2402 est,
1108 2355 1155 2388 et
1179 2355 1234 2387 ut
1265 2341 1407 2388 militi
1441 2338 1526 2386 suo
1550 2356 1688 2401 prae-

279 2405 391 2453 dam
444 2425 803 2473 quamcumque
855 2410 1123 2470 conferret,
1177 2415 1205 2442 *
1240 2408 1506 2457 flamminia
1557 2406 1685 2454 iuffit

240 2476 473 2522 8auferri.
545 2476 635 2523 Ille
659 2475 721 2523 ad
744 2479 1111 2525 Constantimtm
1141 2479 1332 2542 refugit.
1413 2478 1556 2525 Tunc
1588 2477 1686 2523 Ga-

280 2545 427 2590 lerius
449 2545 497 2590 in
523 2545 720 2606 Illyrico
739 2546 985 2594 Licinium
1009 2546 1258 2595 Caesarem
1281 2547 1411 2595 fecit.
1485 2545 1682 2593 Deinde

278 2613 365 2658 illo
391 2614 442 2659 in
475 2613 725 2661 Pannonia
757 2617 952 2678 relicto,
993 2616 1095 2679 ipse
1132 2616 1194 2664 ad
1223 2617 1472 2664 Serdicam
1503 2611 1683 2677 regres-

279 2679 353 2726 sus
368 2718 380 2741 ⁷
417 2683 593 2729 morbo
614 2684 798 2747 ingenti
819 2700 1079 2750 occupatus
1096 2685 1158 2733 [ic
1180 2686 1434 2745 distabuit,
1472 2698 1527 2730 ut
1546 2689 1682 2746 affier-

278 2764 327 2797 to
360 2763 406 2797 et
440 2751 741 2813 putrescente
772 2756 950 2804 viscere
980 2770 1276 2817 moreretur,
1318 2756 1367 2802 in
1386 2753 1680 2818 supplicium.
