1727 3144
233 158 785 192 VALENT151AN.ET
823 157 1074 190 vALExs.
1158 145 1272 192 565.
1383 149 1478 193 415

66 268 368 320 rumusculos
398 270 663 334 colligebat
691 283 808 316 tunc
843 267 1229 329 crebrescentes,
1278 284 1333 316 ut
1372 270 1482 319 sunt

66 342 240 401 acerba
291 340 481 405 semper
534 338 789 396 instantia,
833 336 1160 385 incusantium
1211 339 1482 388 multorum

63 410 350 470 Valentem,
394 407 527 473 quafi
560 407 828 473 cupiditate
857 408 1013 455 aliena
1037 406 1258 472 rapiendi
1288 407 1482 455 succen-

65 478 184 525 sum.
260 480 409 527 Cuius
430 477 615 524 diritati
638 476 884 525 adiectum
922 491 1024 525 erat
1052 477 1354 524 incentivum
1387 477 1480 523 exi·
1498 490 1525 533 7

63 548 177 595 tiale
200 547 338 595 socer
358 547 616 594 Petronius
630 583 642 607 ‚
678 565 736 609 ex
753 564 867 611 prae
873 546 1030 610 polito
1055 545 1374 595 Martenfium
1394 547 1482 591 mi-

64 617 205 663 litum
234 631 487 681 promotus
509 616 767 680 repentino
787 614 909 661 saltu
927 615 1186 679 patricius,
1216 615 1379 662 auimo
1402 613 1483 661 de-

62 686 234 732 formis
260 700 308 733 et
327 686 528 732 habitu:
569 683 657 748 qui
682 682 746 730 ad
765 682 1021 730 nudandos
1050 683 1150 731 fine
1184 683 1483 732 discretione

62 769 266 802 cunctos
290 753 566 800 immaniter
587 754 811 815 flagrans,
841 765 1074 799 nocentes
1089 752 1267 816 pariter
1288 767 1336 800 et
1357 752 1398 818 ⁶)
1411 753 1484 799 in-

66 822 222 869 sontes
254 822 360 886 post
399 819 632 884 exquifita
677 833 921 868 tormenta
970 820 1235 886 quadrupli
1279 822 1482 870 nexibus

61 891 332 951 vinciebat,
379 889 545 937 debita
575 889 674 936 iam
709 887 825 937 inde
859 908 884 936 a
917 891 1223 954 temporibus
1245 892 1483 957 principis

61 959 318 1007 Aureliani
368 958 703 1025 perscrutans,
753 972 802 1005 et
847 958 1103 1023 impendio
1149 978 1400 1019 maerens,
1445 959 1483 1007 fi

63 1046 359 1094 quemquam
400 1026 675 1075 absolviffet
713 1026 1014 1075 indemnem.
1102 1029 1253 1076 Cuius
1285 1036 1528 1079 morumS

60 1098 400 1146 intolerantiae
454 1098 577 1145 haec
631 1114 831 1161 quoque
890 1097 1130 1160 pernicies
1198 1098 1481 1160 accedebat,

63 1166 224 1233 quod,
261 1186 373 1215 cum
399 1166 635 1214 ditaretur
659 1167 872 1212 luctibus
903 1167 1098 1227 alienis,
1137 1181 1239 1214 erat
1265 1167 1483 1215 inexora-

63 1235 176 1283 bilis
207 1251 256 1284 et
300 1235 541 1297 crudelis,
600 1249 644 1283 et
687 1235 739 1281 in
780 1233 954 1282 rabido
997 1235 1147 1284 corde
1188 1236 1482 1297 duriffimus,

62 1323 153 1353 nec
185 1304 467 1353 reddendae
511 1321 601 1352 nec
641 1303 953 1369 accipiendae
1000 1305 1201 1353 rationis
1245 1323 1483 1370 umquam
1534 1357 1546 1364 Δ

62 1392 241 1438 capax:
284 1374 483 1421 invifior
516 1372 786 1434 Cleandro,
827 1392 973 1438 quem
1006 1389 1227 1437 agentem
1257 1375 1345 1421 sub
1385 1375 1483 1422 Im-

59 1457 285 1508 peratore
309 1441 590 1490 Commodo
617 1459 674 1506 pl
677 1442 998 1494 aefectmam
1036 1442 1220 1490 sublata
1248 1443 1481 1491 vecordia

63 1511 275 1560 diversas
294 1512 500 1576 legimus
523 1511 709 1559 vexass'e
729 1512 974 1558 fontunas:
1010 1526 1058 1558 et
1069 1511 1320 1560 oneiolior
1342 1513 1484 1559 Plau-

61 1581 222 1642 tiano,
260 1581 345 1646 qui
372 1580 644 1645 praefectus
663 1578 836 1627 itidem
858 1578 946 1626 sub
968 1580 1170 1641 Severo,
1203 1582 1328 1628 ultia
1353 1600 1484 1628 mor-

62 1651 156 1697 tale
185 1664 379 1698 tumens
413 1663 589 1697 cuncta
626 1648 943 1707 confuderat,
988 1650 1039 1695 ni
1082 1648 1246 1713 gladio
1287 1650 1484 1715 perisset

61 1720 237 1766 ultore.
322 1719 459 1766 Haec
494 1717 774 1777 laciimosa,
823 1736 947 1783 quae
977 1718 1212 1767 incitante
1244 1718 1481 1767 Petronio
1501 1734 1527 1776 9

62 1787 152 1834 sub
176 1787 385 1836 Valente
413 1786 627 1836 clausete
660 1788 836 1833 multas
875 1788 1185 1852 paupertinas
1214 1802 1261 1836 et
1290 1789 1483 1836 nobiles

64 1856 270 1917 domos,
318 1855 811 1920 impendentiumque
847 1855 954 1920 spes
994 1858 1237 1919 atiocior,
1283 1859 1483 1922 provin-

61 1926 259 1972 cialium
292 1938 340 1973 et
369 1926 581 1972 militum
617 1926 749 1988 paria
781 1926 1078 1989 gementium
1114 1926 1328 1974 sensibus
1367 1928 1481 1974 imis

61 1995 354 2042 haerzebant
399 2008 447 2041 et
477 1995 602 2042 votis
630 1994 745 2042 licet
783 1993 1001 2042 obscuris
1034 2009 1082 2042 et
1104 1997 1262 2043 tacitis
1285 2014 1481 2062 permu-

61 2064 183 2111 tatio
206 2064 351 2111 ftatus
374 2062 638 2127 praesentis
659 2080 753 2128 ope
777 2063 992 2111 numinis
1024 2063 1229 2126 summi,
1275 2083 1479 2112 concor-

65 2132 115 2178 di
137 2132 321 2195 gemitu
345 2132 649 2195 poscebatur.
724 2134 861 2190 Quae
881 2133 1153 2199 Procopius
1176 2135 1381 2182 latenter
1403 2152 1478 2180 ac-
1500 2154 1550 2180 10

65 2202 278 2265 cipiens,
325 2199 711 2265 arbitratusque,
752 2203 842 2250 ubi
871 2203 1061 2250 felicius·
1089 2205 1126 2268 ⁷)
1150 2203 1383 2250 acciderit
1409 2203 1479 2249 fa-

63 2285 193 2333 tum,
225 2269 425 2335 negotio
445 2269 541 2316 lev‘i
561 2269 624 2316 ad
658 2270 846 2335 apicem
874 2271 1089 2320 summae
1118 2271 1363 2337 potestatis
1395 2272 1478 2318 ad-

63 2338 215 2399 sumi,
258 2336 538 2385 lublidebat
567 2352 622 2385 ut
651 2340 925 2402 praedatrix
958 2341 1132 2400 bestia,
1177 2339 1306 2397 viso,
1337 2340 1475 2405 quod

65 2409 173 2472 capi
211 2420 427 2472 poterat,
473 2408 696 2471 protinus
727 2425 968 2476 eruptura.
1051 2411 1144 2457 Cui
1176 2410 1320 2469 haec,
1353 2428 1472 2471 quae
1496 2431 1544 2458 11

66 2477 368 2537 maturabatj
403 2476 618 2539 ardenti,
652 2477 752 2526 fors
777 2479 905 2527 hanc
933 2479 1185 2525 materiam
1218 2477 1355 2525 dedit
1387 2480 1474 2525 im-

69 2545 252 2609 pendio
283 2545 635 2609 tempestivam.
723 2548 1020 2611 Consumpta
1052 2547 1214 2594 hicme
1250 2548 1477 2594 festinans

70 2615 133 2661 ad
154 2614 343 2679 Syriam
365 2615 568 2677 Valens,
605 2615 643 2680 Β)
671 2615 868 2683 iamque
897 2618 1018 2664 fines
1048 2615 1375 2682 Bithynorum
1407 2617 1477 2664 in-

115 2782 150 2820 (ἱ)
179 2778 244 2812 Ms.
277 2778 446 2815 insontes,
503 2781 538 2826 7)
562 2778 626 2814 ΜΓ,
658 2778 837 2815 adssderit.
885 2779 926 2825 3)
956 2780 1005 2814 al.
1033 2780 1100 2814 iam
1129 2780 1226 2814 lium..
