1727 3144
221 130 315 176 196
418 144 696 179 Amnum
735 138 1447 198 m.÷tncr;i.L1N1xv116.7

212 255 346 319 polis
378 268 478 303 arte
506 254 715 320 quadam
740 255 1065 335 suspendere,
1107 273 1162 306 ut
1180 258 1325 325 supia
1346 261 1617 310 hun'ianum

210 323 414 371 modum
436 325 717 389 provinciae
746 327 1053 374 muniientui
1075 328 1304 377 Arctoae.

177 408 196 434 ¹
311 392 400 442 VI.
438 394 573 442 Inter
596 412 720 459 quae
758 395 825 442 ita
859 397 1087 460 ambigua
1119 398 1356 462 Iuthungi
1391 399 1618 447 Alaman-

212 478 388 509 norum
417 480 551 526 pars,
586 463 768 511 Italicis
791 465 1152 522 Contetmiuans
1174 469 1433 528 tractibus,
1475 467 1620 515 obliti

209 531 343 595 pacis
375 545 422 579 et
453 531 738 594 foederum,
786 551 907 597 quae
939 534 1104 600 adepti
1146 535 1258 583 sunt
1298 535 1619 614 obsecrando,

209 599 399 649 Raetias
430 602 711 650 tmbulente
744 602 1012 665 vastabant,
1055 604 1178 653 adeo
1208 620 1263 654 ut
1291 606 1438 654 etiam
1481 605 1624 669 oppi-

170 668 392 719 adorum
413 683 655 719 tentarent
676 671 862 720 obfidia
885 687 1075 737 praetei
1095 674 1308 722 solitum
1380 673 1464 722 Ad
1496 686 1623 738 quos

195 738 521 804 repellendos
554 758 667 788 cum
697 740 857 788 valida
890 760 1038 789 manu
1065 743 1229 791 missus
1261 743 1524 805 Barbatio,
1567 742 1621 789 in

207 807 372 855 locum
396 808 586 856 Silvani
610 810 831 874 peditum
851 825 1106 875 promotus
1126 813 1365 876 magister,
1402 812 1623 876 ignavus,

207 875 293 927 sed
326 878 488 924 veihis
519 878 711 926 effufior
725 916 737 939 ,
786 880 1033 928 alacritate
1061 882 1274 929 militum
1304 880 1621 929 vehementer

210 959 403 1006 erecta.
433 947 691 1010 piostiavit
720 949 954 996 acerrime
989 950 1196 1010 multos,
1254 951 1320 997 ita
1352 964 1407 997 ut
1443 949 1619 1012 exigua

210 1017 403 1078 portio,
439 1033 564 1078 quae
585 1016 791 1080 periculi
811 1032 945 1065 metu
964 1016 1009 1065 se
1031 1017 1198 1065 dedit
1187 1038 1237 1065 in
1263 1020 1445 1083 fugam,
1477 1032 1620 1081 aegie

211 1082 393 1147 dilapsa
419 1100 492 1130 ies
514 1083 619 1131 suas
643 1102 737 1132 non
758 1085 855 1134 fine
875 1087 1100 1152 laciymis
1124 1087 1350 1136 reviseret
1370 1101 1418 1135 et
1439 1089 1620 1134 lamen-

171 1152 285 1200 ztis.
360 1151 492 1199 Huic
518 1171 708 1216 pugnae
727 1154 928 1213 Nevita,
964 1156 1126 1219 postea
1149 1156 1347 1217 consul,
1388 1155 1620 1221 equestiis

208 1220 511 1284 praepolitus
539 1235 752 1284 tuimae,
795 1237 844 1271 et
876 1193 1102 1286 adfuisse,
1151 1239 1198 1274 et
1234 1194 1428 1274 foititer
1455 1223 1620 1273 feciffe

207 1291 446 1336 firmatum
1545 1315 1547 1317 ·

177 1372 195 1399 1
306 1358 423 1405 VII.
460 1356 645 1404 Iisdem
677 1356 853 1408 dicbus
890 1373 1046 1408 terrae
1074 1373 1238 1411 motus
1266 1358 1506 1409 horrendi
1534 1378 1622 1426 per

206 1425 580 1488 Macedoniam,
615 1426 905 1495 Aliamque,
949 1444 996 1476 et
1024 1426 1239 1477 Pontum
1273 1428 1484 1477 adliduis
1515 1430 1622 1494 pul-

207 1495 335 1543 fihus
356 1494 541 1560 oppida
572 1497 724 1543 multa
747 1497 1090 1546 concusserunt
1114 1512 1162 1545 et
1195 1513 1404 1546 montes.
1485 1500 1619 1547 Inter

164 1595 167 1597 ·
207 1578 526 1614 monumenta
551 1578 714 1610 tamen
735 1567 1114 1613 multiformium
1137 1585 1478 1616 aerumnarum
1506 1567 1623 1616 emi-

206 1651 358 1682 nnete
384 1631 706 1682 Nicomediae
739 1635 930 1692 clades,
984 1635 1245 1700 Bithyniae
1282 1637 1484 1686 uxbium
1521 1656 1622 1685 ma-

204 1705 320 1763 tris,
392 1701 532 1748 cuius
572 1701 824 1750 ruinarum
873 1717 1101 1752 eventum
1153 1722 1265 1751 vere
1308 1706 1620 1772 breviterque

209 1771 473 1820 absolvam.

171 1861 201 1889 2
284 1839 479 1887 Primo
502 1839 625 1886 lucis
645 1852 819 1886 exortu
842 1837 921 1887 die
943 1858 1076 1888 nono
1097 1841 1208 1888 Kal.
1233 1839 1618 1907 Septembrium,

207 1909 426 1958 concreti
455 1908 662 1961 nubium
693 1907 828 1971 globi
868 1909 1191 1972 nigrantium,
1238 1912 1416 1959 laetam
1450 1908 1617 1972 paullo

207 1993 318 2027 ante
353 1977 476 2026 caeli
508 1977 720 2042 speciem
750 1977 1106 2026 confuderunt:
1155 1994 1202 2027 ct
1223 1979 1482 2027 amandato
1501 1975 1617 2039 solis

204 2047 496 2113 splendore,
528 2064 619 2093 nec
647 2046 874 2110 contigua
901 2047 978 2094 vel
1011 2047 1228 2112 adpolita
1260 2047 1615 2096 cernebantur:

205 2119 275 2165 ita
308 2117 566 2165 oculorum
600 2115 777 2161 obtutu
814 2114 1122 2180 praestricto,
1178 2117 1332 2165 humo
1363 2115 1617 2174 involutus

167 2185 385 2239 Zcrafl'ae
403 2184 622 2248 caliginis
646 2183 841 2248 squalor
859 2182 1050 2234 insedit.
1121 2186 1253 2234 Dein
1263 2187 1396 2234 velut
1415 2182 1616 2232 numine

205 2255 398 2304 summo
431 2253 599 2301 fatales
627 2267 984 2316 contorquente
1012 2256 1291 2316 manubias,
1344 2268 1617 2319 ventosque

208 2326 270 2373 ab
303 2324 417 2389 ipfis
439 2323 675 2370 excitante
694 2320 1003 2384 cardinibus,
1035 2323 1321 2385 magnitudo
1347 2322 1617 2370 furentium

206 2393 436 2441 incubuit
467 2392 816 2458 procellarum,
856 2391 995 2439 cuius
1028 2393 1216 2457 impetu
1248 2392 1501 2458 pulsorum
1534 2406 1616 2436 au-

211 2461 342 2510 ditus
374 2461 440 2510 elt
468 2461 709 2509 montium
740 2459 972 2523 gemitus,
1016 2476 1063 2508 ct
1092 2460 1192 2508 elifi
1217 2460 1396 2508 littoris
1424 2460 1615 2522 fragor:

209 2531 431 2596 haecque
491 2528 683 2595 sequuti
722 2528 962 2595 typhones
1002 2544 1146 2594 atque
1194 2529 1451 2594 prestereS‚
1500 2545 1615 2576 cum

210 2599 448 2647 horrifico
470 2612 682 2648 tremore
702 2612 964 2656 temanum,
999 2600 1247 2647 civitatem
1270 2612 1317 2646 et
1336 2596 1615 2653 suburbana
1677 2622 1680 2625 ·

173 2665 432 2717 ⁴4funditus
464 2681 759 2717 cveitcrunt.
838 2666 900 2713 Et
943 2668 1175 2732 quoniam
1203 2666 1473 2715 acclivitate
1515 2666 1617 2713 col-

211 2737 334 2786 lium
356 2736 499 2786 aedes
523 2738 786 2803 pleraeque
808 2735 1134 2799 vehebantur,
1171 2737 1292 2786 aliae
1325 2734 1469 2799 super
1497 2733 1614 2782 alias
