1727 3144
230 146 493 180 VALENT.
541 144 672 178 vAL.
714 145 789 178 ET
821 146 1118 179 Gnarum.
1192 136 1309 183 568.
1429 142 1515 200 47ι

117 257 445 305 medietatem.
513 257 700 305 Verum
726 256 872 305 etiam
890 256 988 306 hoc
1004 272 1062 305 ut
1080 275 1252 322 parum
1269 258 1522 310 sufficienti

117 344 427 391 nequaquam
447 340 729 387 contentus,
766 325 901 373 aliud
919 340 1224 375 commentus
1247 329 1336 390 est,
1371 345 1424 376 ut
1453 350 1524 378 ar-

115 394 413 455 bitrabatur,
445 395 702 443 honestum
723 409 770 443 et
788 409 974 443 tutum:
1008 409 1056 443 et
1081 413 1142 443 ne
1170 396 1412 444 amitteret
1441 419 1521 446 au-

114 462 214 510 sam
233 463 324 510 fibi
342 465 555 512 oblatam
574 463 797 513 lucrandi
816 465 981 513 uberis
1003 465 1312 530 patrimonii,
1353 466 1522 515 Victo-

112 532 209 579 rini
231 532 503 597 privignam
520 533 756 597 Anepsiae
777 534 929 582 filiam
954 535 1078 599 petit
1103 534 1209 582 filio
1231 534 1491 599 coniugem
1510 557 1519 584 :

112 600 265 665 idque
285 601 583 651 adsentiente
606 602 810 649 muliere
830 621 968 666 prom
974 617 1062 667 pte
1087 605 1335 651 firmatum
1361 604 1442 652 est.

215 673 311 718 Per
336 671 458 719 haec
491 686 538 718 et
570 671 659 717 alia
689 670 832 716 fun-ili
857 689 1074 720 maerore
1108 672 1361 731 deflenda,
1396 691 1519 738 quae
1539 683 1592 730 56

113 737 466 787 decolorabant
500 739 711 802 speciem
740 738 877 784 urbis
915 753 1161 802 aeternae,
1224 742 1518 806 grassabatur

109 826 200 873 per
220 808 395 870 strages
418 807 715 870 multiplices
732 806 1039 855 fortunarum
1060 808 1213 865 homo
1229 829 1345 858 cum
1372 812 1520 875 gemi-

110 890 168 923 tu
194 875 548 933 nominandus,
594 875 721 922 ultra
752 875 966 924 forenses
995 879 1230 927 terminos
1260 878 1412 928 semet
1444 898 1520 929 ex-

107 958 314 992 tentans.
385 944 612 1009 Namque
636 958 685 992 et
703 945 973 992 resticulam
995 945 1056 994 de
1075 948 1280 996 fenestra
1303 948 1360 1014 ²¹)
1381 967 1518 1014 prae-

105 1013 222 1062 torii
246 1012 457 1079 quadam
477 1027 662 1062 remota
683 1012 862 1060 dicitur
879 1012 1067 1078 semper
1087 1015 1305 1065 habuiss'e
1321 1016 1519 1082 suspen-

99 1081 231 1144 sam,
270 1083 335 1147 ²²)
367 1083 506 1130 cuius
534 1081 787 1129 summitas
814 1081 875 1147 ²³)
905 1083 1144 1147 quaedam
1179 1086 1312 1133 velut
1355 1085 1514 1133 clausa

101 1152 382 1216 colligaret,
415 1152 560 1199 nullis
581 1149 784 1216 quidem
806 1150 1000 1199 indiciis
1020 1153 1156 1214 fulta,
1187 1153 1273 1202 sed
1290 1155 1513 1203 nocitura

98 1219 376 1268 insontibus
409 1220 598 1267 multis:
645 1233 693 1266 et
725 1218 1011 1268 Mucianum
1040 1222 1409 1289 Barbarumque
1429 1223 1513 1271 ad·-

97 1290 341 1354 paritores
361 1289 656 1354 aliquotiens
679 1287 927 1337 discretim
949 1291 1080 1338 trudi
1101 1291 1318 1354 iubebat,
1346 1291 1407 1339 ad
1426 1293 1512 1339 fal-

97 1356 304 1405 lendum
332 1358 612 1423 aptissimos.
701 1357 772 1404 Hi
806 1372 1054 1424 tamquam
1091 1360 1319 1408 eiulando
1359 1360 1509 1422 casus,
1529 1368 1585 1422 37

101 1427 282 1492 quibus
302 1425 350 1475 se
369 1426 660 1474 simulabant
681 1426 947 1490 opprell‘og
976 1428 1153 1475 iudicis
1176 1429 1509 1493 exaggerando

99 1494 464 1558 crudelitatem,
500 1495 775 1543 remedium
794 1496 983 1545 nullum
1007 1496 1140 1544 aliud
1168 1498 1260 1545 reis
1294 1498 1357 1544 ad
1388 1498 1515 1546 obti-

96 1563 312 1612 nendam
333 1565 483 1613 vitam
502 1563 740 1629 supereffe
765 1563 935 1612 eadem
957 1564 1240 1628 replicando
1262 1566 1401 1631 saepe
1430 1566 1516 1613 ad-

94 1632 403 1696 severabant,
444 1634 497 1680 ni
524 1633 813 1682 criminibus
843 1634 1025 1697 magnis
1056 1634 1279 1698 petissent
1317 1635 1509 1684 nobiles

97 1703 255 1751 viros:
299 1704 483 1768 quibus
509 1702 573 1750 acl
593 1702 669 1750 sui
692 1701 973 1751 societatem
1001 1702 1223 1768 adnexis,
1258 1703 1400 1752 facile
1425 1720 1508 1752 eos

93 1769 282 1818 absolvi
302 1771 434 1836 poII'e
455 1772 731 1819 firmabant.

200 1839 284 1887 Oh
306 1857 430 1905 quae
449 1839 850 1905 implacabilitate
883 1838 1009 1886 ultra
1034 1837 1252 1903 adpolita
1280 1840 1377 1887 iam
1401 1857 1508 1905 per·
1524 1853 1581 1898 58

94 1922 265 1974 gente,
305 1927 478 1956 manus
510 1909 681 1957 vinclis
709 1907 819 1954 sunt
844 1921 1022 1957 artatae
1043 1908 1401 1972 complurium:
1434 1928 1508 1957 or-

94 1992 250 2043 tuque
277 1978 469 2025 nobiles
495 1977 671 2024 inculti
701 1975 993 2024 videbantur
1015 1976 1227 2030 etauxii.
1299 1977 1405 2025 Nec
1426 1996 1506 2025 eo-

92 2065 204 2094 rum
236 2046 423 2110 culpari
457 2046 718 2110 quisquam
752 2043 951 2106 debuit,
996 2063 1109 2092 cum
1136 2044 1394 2094 salutantes
1416 2046 1505 2092 hu-

92 2132 230 2162 mum
259 2132 413 2179 paene
442 2116 652 2163 curvatis
682 2113 1078 2177 contingentibus
1109 2114 1367 2176 membris,
1396 2132 1505 2178 per·

90 2184 235 2248 saepe
261 2183 555 2231 clamantem
587 2182 812 2245 audirent
841 2181 1036 2246 spiritus
1068 2183 1212 2229 ferini
1241 2183 1499 2243 latronem,

90 2253 283 2300 nullum
313 2251 362 2299 se
399 2251 554 2299 invito
596 2251 800 2315 reperiri
826 2250 959 2315 poffe
1004 2251 1258 2297 insontem.
1361 2250 1500 2307 Quae
1519 2264 1576 2320 39

17 2371 27 2382 x
91 2323 239 2370 verba
277 2320 470 2368 effectui
507 2337 716 2384 propere
757 2319 923 2367 iuncta
964 2318 1236 2366 terruisseut
1274 2319 1497 2382 profecto

88 2391 285 2440 Numae
304 2389 538 2453 Pompilii
557 2387 732 2435 ssmiles
756 2402 803 2436 et
828 2389 1085 2435 Catonum.
1150 2385 1351 2434 Prorsus
1372 2388 1503 2435 enim

91 2459 158 2511 lic
190 2459 447 2523 agebatur,
488 2471 543 2505 ut
574 2474 662 2504 nec
695 2457 746 2503 in
783 2457 950 2503 alienis
988 2456 1126 2502 malis
1173 2455 1502 2520 quorumdam

93 2527 421 2577 exarescerent
444 2526 701 2575 lacrimae:
738 2524 875 2591 quod
899 2525 948 2571 iu
969 2524 1112 2572 variis
1138 2537 1185 2572 et
1205 2524 1500 2589 confragosis

141 2717 201 2757 2¹)
235 2714 304 2749 ΜΓ.
345 2714 533 2749 Praetoris,
607 2712 674 2760 22)
711 2713 779 2749 ΜΓ.
823 2714 913 2750 eins.
985 2712 1050 2760 23)
1083 2713 1151 2751 ΜΓ.
1203 2712 1378 2763 quaedam
1409 2714 1506 2751 velut

95 2759 276 2795 damusam
306 2760 507 2808 collegaret.

422 2948 450 2957 .-
