1727 3144
217 169 315 214 288
456 181 724 213 Ammiani
751 177 1162 231 *MARCELLINI
1192 171 1329 226 xxix,
1366 184 1412 229 9.

220 291 367 352 dens,
402 291 601 356 reliquit
636 289 1107 354 Constantinopolim
1139 289 1451 339 incrementis
1482 288 1631 338 maxi-

220 361 314 422 mis
333 361 529 408 sultam:
563 375 700 407 natus
721 360 849 407 enim
870 358 997 420 illic,
1033 358 1267 422 diligebat
1291 377 1396 408 eam
1414 373 1469 406 ut
1498 361 1631 424 geni-

177 432 366 484 3talem
387 431 590 495 patriam
612 443 660 477 et
683 430 891 477 colebat.
973 426 1311 492 Transgress‘us
1340 427 1504 494 itaque
1534 429 1630 476 fre-

219 514 349 561 tum,
389 498 719 563 praetercursa
754 495 1068 546 Chalcedona
1097 510 1145 544 et
1170 496 1388 563 Libyffa,
1440 497 1529 544 ubi
1559 495 1629 544 se-

218 569 383 633 pultus
406 568 471 615 est
487 568 739 615 Hannibal
772 570 990 627 Poenus,
1028 565 1145 614 inde
1173 565 1520 614 Nicomediam
1549 582 1631 614 ve·

217 638 292 685 nit
319 637 494 685 urbem
516 637 720 685 antehac
743 636 1002 701 inclytam,
1030 635 1097 683 ita
1119 635 1307 699 magnis
1339 648 1470 682 retro
1499 634 1639 700 prin-1

218 707 385 771 cipum
409 707 753 771 amplificatam
773 704 1026 769 impenfis,
1058 719 1112 751 ut
1134 704 1331 752 aedium
1359 702 1635 752 multitudi-

220 794 281 823 ne
305 777 598 840 privatarum
621 789 668 823 et
689 775 997 838 publicarum
1019 787 1148 821 recte
1169 772 1483 821 noscentibus
1497 772 1634 836 regio

177 847 206 901 l,
224 843 463 910 quaedam
483 845 620 890 urbis
642 841 966 891 aestimaretur
994 857 1231 890 aeternae„
1324 842 1474 888 Cuius
1502 858 1636 887 moe-

221 914 302 961 nia
334 932 447 962 cum
483 912 673 961 vidiss'et
700 911 751 957 in
788 911 974 958 favillas
1015 910 1311 958 miserabiles
1349 908 1634 970 consedisse,

222 1000 455 1047 angorem
489 981 639 1027 animi
679 979 837 1026 tacitis
878 979 1074 1026 fletibus
1115 978 1369 1039 indicanS,
1419 979 1634 1043 pigriore

223 1050 377 1114 gradu
409 1050 640 1113 pergebat
671 1046 734 1095 ad
769 1047 976 1108 regiam:
1025 1047 1123 1094 hoc
1153 1048 1360 1095 maxime
1390 1047 1634 1096 aerumnis

225 1121 327 1168 eius
363 1118 681 1176 illacrimans,
727 1114 864 1180 quod
902 1115 1027 1161 ordo
1068 1114 1289 1179 squalens
1330 1116 1545 1164 occurrit
1586 1129 1636 1163 et

222 1188 265 1254 ²)
285 1187 497 1252 populus
519 1185 725 1231 nimium
749 1197 985 1248 quantum
1009 1184 1212 1231 antehac
1245 1185 1634 1232 florentiffimus:

224 1270 272 1305 et
293 1255 584 1320 agnoscebat
610 1251 870 1318 quosdam,
902 1251 1091 1298 ibidem
1124 1253 1183 1298 ab
1216 1251 1427 1301 Eusebio
1461 1254 1497 1318 ³)
1520 1253 1639 1300 edu-

223 1339 357 1373 catus
391 1322 648 1388 episcopo,
691 1340 837 1387 quem
871 1338 1045 1385 genere
1076 1321 1270 1385 longius
1302 1322 1635 1385 contingebat.

179 1385 207 1430 5
226 1394 322 1441 Hic
353 1409 552 1459 quoque
584 1391 689 1456 pari
719 1389 872 1438 modo
902 1388 963 1436 ad
990 1388 1284 1455 reparanda,
1326 1409 1451 1455 quae
1481 1405 1639 1441 terrae

222 1463 526 1511 subverterat
546 1475 756 1522 tremor,
789 1458 982 1507 abunde
1013 1459 1246 1522 praestitis
1276 1459 1517 1523 plurimis,
1549 1478 1637 1524 per

222 1531 460 1580 Nicaeam
499 1531 632 1579 venit
672 1529 734 1576 ad
771 1529 1135 1592 Gallograeciae
1164 1530 1312 1576 fines:
1361 1529 1492 1577 unde
1527 1529 1636 1577 dex-

219 1600 403 1648 trorsus
434 1600 609 1646 itinere
640 1598 908 1658 declinato,
953 1597 1230 1645 Pellinunta
1264 1597 1532 1658 convertit,
1568 1598 1638 1645 vi-

223 1668 358 1716 surus
388 1668 571 1716 vetusta
597 1667 769 1714 Matris
798 1684 999 1730 magnae
1034 1666 1266 1714 delubra:
1312 1685 1338 1714 a
1374 1684 1472 1731 quo
1495 1668 1638 1731 oppi-

226 1737 291 1785 do
311 1738 443 1784 bello
464 1737 653 1784 Punico
676 1735 890 1783 fecundo
905 1773 917 1796 ,
953 1736 1168 1783 carmine
1189 1737 1411 1784 Cumano
1436 1752 1639 1782 monen-

225 1820 301 1868 te,
344 1824 429 1870 per
454 1805 741 1869 Scipionem
770 1803 992 1852 Naficam
1023 1804 1329 1852 [imulacrum
1351 1806 1636 1852 translatum

184 1876 211 1916 6
228 1875 292 1923 est
321 1875 543 1921 Romam.
626 1875 776 1922 Cuius
800 1872 942 1937 super
965 1873 1177 1921 adventu
1196 1874 1247 1919 in
1269 1873 1461 1921 Italiam
1482 1891 1636 1937 pauca

224 1962 337 1991 cum
374 1943 478 1990 aliis
517 1942 634 1988 huic
677 1943 903 1989 materiae
940 1943 1325 2006 congruentibus
1360 1942 1412 1987 in
1448 1941 1636 1992 actibus

223 2010 492 2060 Commodi
512 2010 748 2074 principis
769 2009 1043 2073 digellimus
1065 2027 1152 2074 per
1176 2009 1441 2057 excelsum:
1490 2028 1637 2074 quam

229 2095 389 2128 autem
412 2082 477 2128 ob
510 2097 612 2127 rem
642 2079 739 2126 hoc
763 2078 960 2125 nomine
983 2076 1222 2141 oppidum
1241 2077 1298 2124 fit
1322 2077 1380 2124 ad
1387 2078 1638 2141 pellatam,

183 2150 416 2208 7variant
446 2166 607 2196 rerum
641 2147 914 2212 scriptores.
994 2145 1212 2203 Quidam
1243 2146 1374 2193 enim
1403 2148 1638 2211 figmento

230 2219 349 2266 deae
378 2217 575 2265 caelitus
609 2215 769 2281 lapso,
822 2215 918 2268 οἱπὸ
945 2215 1026 2266 τοῦ
1061 2217 1237 2275 πεσεῖν,
1286 2214 1424 2279 quod
1462 2214 1641 2264 cadere

228 2305 319 2335 nos
342 2288 549 2334 dicimus
564 2322 578 2343 ,
602 2287 776 2332 urbem
799 2284 1051 2332 adl'eruere
1072 2284 1483 2349 cognominatam.
1539 2285 1639 2333 Alii

228 2369 505 2404 memorant
525 2355 651 2402 Ilum
671 2392 684 2415 ,
719 2352 866 2401 Trois
896 2354 1068 2414 filium,
1101 2352 1375 2400 Dardaniae
1395 2354 1436 2416 ⁴)
1457 2370 1641 2417 regem,

228 2426 397 2473 locum
439 2424 504 2470 fic
538 2421 808 2487 adpellaffe.
895 2422 1253 2487 Theopompus
1287 2438 1388 2468 non
1424 2420 1554 2467 Ilum
1583 2421 1639 2468 id

232 2494 402 2557 eglise,
448 2492 535 2540 sed
558 2491 747 2540 Midam
777 2490 1001 2539 adfirmat
1023 2491 1257 2559 Phrygiae
1281 2487 1642 2556 quondam-po-

236 2562 545 2610 tentiffimum
571 2578 749 2626 regem.

1388 2626 1636 2676 Venerato

276 2794 312 2839 τε)
336 2790 404 2828 ΜΓ.
432 2794 604 2842 populun.
652 2796 690 2843 Ξ)
714 2793 779 2832 Ms.
808 2790 972 2829 ducatus.
1019 2793 1065 2839 4)
1098 2788 1168 2827 Ms-
1195 2788 1333 2835 Regem
1356 2788 1413 2825 vel
1441 2788 1578 2825 locum.
