1727 3144
198 150 292 195 562
435 161 701 202 AMMIANI
742 161 1138 192 MARCELLINI
1172 162 1291 206 xxx,
1337 162 1384 207 9.
1427 162 1502 192 10.

193 274 229 338 ¹)
250 271 541 334 inclinabat,
568 272 653 321 sed
674 272 982 319 intemeratas
1005 270 1201 334 reliquit
1225 270 1311 317 has
1334 285 1520 336 partes,
1549 284 1605 317 ut

202 342 396 407 reperit.
690 336 694 342 ⁴
954 397 957 405 Ι
1573 337 1593 347 Χ

156 412 184 454 6
300 412 490 475 Corpus
514 409 615 456 eius
641 406 929 455 lacertosum
961 422 1008 455 et
1035 406 1248 455 validum
1265 444 1277 468 ,
1319 407 1484 471 capilli
1514 406 1608 452 ful-

201 498 288 544 gor
329 480 607 542 colorisque
646 477 803 538 nitor,
853 495 965 523 cum
1010 477 1162 523 oculis
1208 475 1371 524 caefiis
1417 475 1604 538 [emper

199 549 455 613 obliquum
482 547 714 593 intuentis
741 560 787 595 et
827 559 1046 606 torvum,
1102 560 1245 609 atque
1291 543 1606 610 pulchritudo

197 618 423 677 staturae,
454 616 959 679 lineamentorumque
993 629 1122 662 recta
1153 632 1419 679 compago,
1464 612 1609 659 maie·

200 686 329 732 statis
361 685 517 749 regiae
541 684 688 731 decus
717 685 967 748 implebat.

165 765 180 790 1
293 756 358 802 X.
400 754 511 802 Post
531 755 829 801 conclamata
854 753 1170 817 Imperatoris
1200 751 1425 818 suprema
1442 789 1454 813 ,
1503 768 1608 797 cor-

198 840 386 887 pusque
409 826 443 888 Ι)
463 837 684 869 curatum
717 821 779 868 ad
808 822 1129 886 sepulturam,
1169 837 1223 869 ut
1255 821 1444 868 missum
1481 821 1609 867 Con-

199 891 565 955 stantinopolim
596 891 722 936 inter
765 889 992 936 divorum
1030 891 1256 954 reliquias
1296 891 1606 936 humaretur:

201 958 431 1023 suspenso
474 958 673 1003 instante
702 959 984 1020 procinctu,
1031 978 1206 1022 anceps
1235 959 1303 1005 rei
1345 959 1610 1004 timebatur

202 1041 401 1074 eventus
424 1026 712 1074 cohortibus
733 1026 997 1073 Gallicanis
1012 1063 1025 1087 7
1058 1045 1181 1090 quae
1200 1045 1299 1073 non
1328 1027 1516 1091 semper
1539 1025 1614 1071 di-

201 1110 335 1142 catae
367 1096 699 1159 legitimorum
731 1094 1017 1159 Principum
1044 1095 1188 1155 fidei,
1228 1096 1360 1143 velut
1379 1095 1611 1159 imperio-

199 1183 309 1211 rum
331 1166 538 1212 arbitrae
558 1202 569 1224 ,
603 1164 802 1211 ausurae
826 1182 1009 1211 novum
1039 1164 1274 1228 quiddam
1304 1164 1354 1210 in
1385 1178 1610 1226 tempore

197 1230 541 1297 sperabantur:
575 1232 615 1297 ²)
639 1233 733 1280 hoc
754 1233 1012 1280 tentandae
1034 1234 1240 1280 novitati
1273 1250 1346 1280 res
1381 1232 1612 1279 adiuvan-

200 1316 272 1363 te,
307 1304 442 1367 quod
464 1303 705 1366 gestorum
724 1303 917 1365 ignarus
941 1302 1187 1349 etiamtum
1221 1303 1481 1349 Gratianus
1503 1317 1612 1365 age-

198 1371 283 1418 bat
305 1387 405 1418 tum
429 1371 560 1435 apud
582 1371 848 1433 Treveros,
878 1372 964 1417 ubi
992 1374 1298 1436 profecturus
1321 1390 1427 1418 eum
1455 1388 1612 1417 mora-

156 1442 241 1488 2ri
283 1440 586 1505 disposuerat
625 1455 775 1504 pater.
862 1441 987 1488 Cum
1023 1442 1273 1504 negotium
1309 1441 1358 1486 in
1388 1438 1464 1486 his
1497 1437 1612 1486 effeti

198 1510 450 1574 angustiis,
483 1523 530 1557 et
547 1524 795 1574 tamquam
820 1509 870 1556 in
902 1509 1073 1557 cadem
1103 1510 1211 1557 navi
1241 1509 1392 1555 futuri
1422 1508 1612 1572 pericu0

197 1579 390 1636 lorum,
419 1580 454 1625 fi
476 1579 778 1639 accidissent,
814 1579 1096 1643 participes,
1132 1597 1299 1626 omnes
1321 1578 1492 1642 eadem
1513 1577 1612 1623 for-

198 1647 468 1713 midarent:
506 1647 629 1695 sedit
650 1647 942 1694 summatum
972 1648 1198 1708 confilio,
1252 1646 1415 1695 avulso
1445 1660 1609 1710 ponte,

198 1733 346 1779 quem
375 1717 738 1781 compaginarat
767 1731 875 1764 ante
908 1717 1150 1764 neceffitas
1182 1716 1416 1765 invadens
1458 1728 1608 1762 terras

200 1784 423 1847 hostiles,
457 1800 512 1832 ut
534 1786 795 1849 superstitis
825 1786 1157 1833 Valentiniani
1184 1785 1413 1833 mandato
1447 1783 1613 1831 Mero-

156 1853 387 1900 Zbaudes
419 1855 642 1918 protinus
675 1856 927 1902 acciretur.
1010 1855 1221 1920 Hocque
1254 1856 1360 1916 ille,
1415 1867 1470 1899 ut
1510 1866 1612 1899 erat

202 1920 410 1968 sollertis
457 1923 668 1989 ingenii,
714 1924 851 1988 quod
892 1939 1114 1972 evenerat
1158 1938 1310 1984 ratus,
1363 1936 1444 1969 aut
1483 1922 1613 1967 forte

206 1989 378 2037 doctus
403 1990 463 2037 ab
487 2008 570 2050 eo,
605 2009 690 2053 per
715 2009 861 2054 quem
884 1994 1177 2051 vocabatur,
1216 2006 1475 2054 rupturum
1498 2007 1616 2036 con-

203 2059 401 2105 cordiae
421 2059 526 2104 iura
550 2059 854 2105 Gallicanum
879 2060 1084 2106 militem
1114 2058 1388 2123 suspicatus,
1428 2058 1615 2105 mnsam

204 2126 267 2173 ad
294 2126 340 2174 fe
368 2126 586 2174 tefferam
618 2127 756 2173 finxit
784 2126 1020 2173 redeundi
1048 2146 1159 2174 cum
1188 2146 1246 2174 eo
1275 2127 1337 2174 ad
1359 2126 1616 2174 observan-

210 2195 292 2242 das
312 2195 471 2243 Rheni
492 2196 642 2260 ripas,
680 2195 812 2259 quali
838 2196 1002 2243 furore
1042 2197 1299 2243 barbarico
1328 2215 1416 2242 cru
1455 2195 1614 2243 esc-en-

209 2278 281 2311 te:
337 2278 489 2329 utque
541 2279 641 2311 erat
689 2265 868 2312 secrete
917 2264 1224 2327 mandatum,
1279 2266 1376 2312 Sel>
1424 2265 1615 2311 tianum

207 2332 451 2397 Principis
509 2332 670 2380 adhuc
725 2335 1029 2397 ignorantem
1100 2333 1359 2394 excelsum,
1419 2333 1614 2397 longius

206 2401 503 2463 amandavit,
530 2402 748 2466 quietum
769 2402 968 2466 quidem
991 2403 1148 2450 virum
1163 2418 1210 2450 et
1230 2402 1493 2467 placidum,
1529 2401 1615 2449 sed.

206 2471 408 2518 militari
425 2471 593 2520 favore
615 2471 880 2532 sublatum,
918 2472 1033 2520 ideo
1063 2472 1269 2528 maxime
1299 2486 1414 2521 tunc
1442 2488 1613 2520 caven-

209 2538 344 2586 dum.

257 2779 291 2822 ι)
316 2775 384 2812 ΜΓ.
416 2775 539 2813 voluit.
596 2779 629 2823 ι)
656 2777 854 2814 conditum,
907 2778 943 2823 ει)
971 2775 1040 2811 hoc
1066 2775 1257 2811 tentandae
1281 2772 1429 2809 novitati
1458 2785 1523 2808 res-
