1727 3144
8 189 13 227 's

12 226 16 237 st

268 174 700 212 CONSTAN‘Tms
739 174 813 211 ΕΤ
854 179 1111 212 catinis.
1182 164 1298 212 554.
1439 169 1502 215 55

7 348 21 358 ,Ἴ
90 285 348 335 fideratam
376 288 540 337 venire
564 289 728 337 multis
747 289 972 355 fictisque
992 287 1244 335 blanditiis
1273 288 1502 340 hortaba-

90 368 185 402 tur.
269 357 407 414 Quae
438 358 553 405 licet
583 359 876 423 ambigeret,
921 373 1141 406 metuens
1170 357 1308 421 saepe
1328 377 1500 407 cruen-

89 436 221 487 tum3
274 424 351 489 spe
382 440 569 489 tamen,
611 427 746 493 quod
777 445 890 475 eum
921 427 1072 474 lenire
1102 441 1294 490 poterat
1323 443 1375 474 ut
1395 447 1499 492 ger-

85 509 312 552 manum,
357 497 599 559 profecta,
650 516 761 544 cum
800 496 1085 559 Bithyniam
1126 495 1386 558 introiffet,
1422 499 1496 561 'in

29 584 31 586 ·
84 561 314 624 Ratione,
363 583 485 628 quae
516 566 702 613 Caenos
743 566 1024 612 Gallicanos
1067 563 1363 628 adpellatur,
1414 567 1497 613 ab·

83 628 275 695 sumpta
304 633 368 680 est
403 637 447 680 vi
480 635 692 681 febrium
727 634 992 698 repentina.
1076 634 1225 681 Cuius
1259 634 1362 698 post
1389 636 1494 682 obi-

84 712 189 746 tum
223 703 421 748 maritus
450 704 783 767 contemplans
817 701 1040 750 cecidisse
1081 701 1339 764 fiduciam,
1397 723 1493 769 qua

83 767 132 814 se
155 769 330 816 fultum
351 771 686 828 existimabat,
718 771 855 831 anxia
875 771 1198 831 cogitatione,
1239 771 1361 836 quid
1391 791 1495 820 mo-

82 836 280 899 liretur,
310 839 555 886 haerebat.
630 840 763 887 Inter
783 858 856 888 res
878 841 1007 888 enim
1028 841 1284 904 impeditas
1320 855 1368 888 et
1394 856 1532 902 tur-7

83 905 224 953 hidas
237 941 251 964 ,,
295 908 358 954 ad
386 908 481 956 hoc
515 927 665 955 unum
694 924 907 957 mentem
934 908 1192 956 sollicitam
1235 910 1493 973 dirigebat,

84 975 222 1039 quod
258 977 564 1025 Constantius
590 992 765 1026 cuncta
793 979 852 1026 ad
885 978 1016 1025 suam
1056 977 1343 1026 sententiam
1381 997 1498 1026 con-

79 1044 265 1105 ferens,
303 1064 391 1094 nec
423 1046 798 1095 satisfactionem
839 1046 1068 1111 suscipiet
1106 1048 1348 1112 aliquam,
1403 1067 1494 1096 nec

83 1114 252 1160 erratis
280 1114 520 1178 ignoscet:
561 1117 644 1164 sed
675 1131 730 1165 ut
763 1115 864 1164 erat
890 1117 940 1163 in
975 1117 1352 1183 propinquitatis
1393 1136 1496 1181 per-

82 1182 264 1229 niciem
296 1185 604 1246 inclinatior,
650 1186 851 1250 laqueos
885 1186 929 1233 ei
957 1187 1164 1233 latenter
1201 1186 1490 1246 obtendens,

83 1250 117 1297 li
143 1251 340 1315 cepiffet
361 1254 636 1315 incautum,
683 1269 840 1303 morte
878 1256 1117 1302 multaret.
1196 1254 1269 1300 Eo
1302 1256 1530 1304 mccclii-8

85 1320 195 1366 tatis
226 1319 491 1382 adductus,
524 1324 821 1386 ultimaque,
854 1324 903 1369 'ni
925 1321 1185 1383 vigilasset,
1215 1323 1492 1385 opperiens,

84 1389 360 1452 principem
388 1390 580 1450 locum,
620 1390 656 1436 fi
687 1409 780 1453 qua
812 1390 1033 1454 patuiss‘et
1061 1391 1233 1453 copia,
1278 1391 1494 1439 adfecta·
1539 1435 1542 1438 .

85 1459 198 1504 bat:
231 1457 310 1504 sed
334 1459 587 1522 perfidiam
611 1459 942 1522 proximorum
966 1459 1151 1506 ratione
1175 1459 1347 1506 bifaria
1369 1463 1495 1524 ³)ve-

87 1528 309 1586 rebatur,
360 1529 399 1592 ⁴)
440 1527 533 1592 qui·
552 1544 663 1574 eum
694 1541 747 1573 ut
776 1528 1105 1573 truculentum
1139 1527 1408 1575 horrebant
1445 1543 1494 1576 et

85 1595 274 1655 levem,
316 1597 349 1660 ⁵)
381 1596 564 1660 quique
598 1595 818 1641 altiorem
851 1594 1119 1641 Constantii
1160 1596 1407 1642 fortunam
1442 1599 1494 1644 iu

88 1664 351 1711 discordiis
383 1663 608 1710 civilibus
637 1661 985 1709 formidabant.
1067 1663 1201 1709 Inter
1234 1663 1320 1710 has
1361 1679 1533 1719 cura-9

85 1753 194 1781 rum
213 1733 365 1779 moles
388 1731 673 1790 immensaS,
719 1730 1033 1796 Imperatoris
1062 1730 1238 1796 scripta
1267 1732 1497 1797 suscipie-

85 1803 170 1850 bat
188 1801 413 1859 adsidua,
443 1801 685 1848 monentis
709 1802 1016 1864 orantisque,
1054 1814 1109 1846 ut
1134 1799 1258 1847 adse
1292 1803 1495 1864 veniret,

88 1886 136 1920 et
169 1885 331 1918 mente
359 1869 666 1917 monstrantis
704 1870 931 1934 obliqua,
973 1888 1075 1916 rem
1118 1871 1362 1933 publicam
1406 1891 1496 1919 nec

88 1938 221 2006 poffe
246 1939 426 1999 dividi,
460 1959 547 1986 nec
571 1939 777 2000 debere,
815 1938 897 1985 led
928 1957 1016 2002 pro
1036 1938 1220 1985 'viribus
1246 1958 1495 2005 quemque

90 2011 136 2058 ei
173 2010 298 2056 ferre
328 2008 570 2073 suppetias
613 2008 897 2068 fluctuanti,
951 2008 1179 2053 nimirum
1223 2009 1496 2056 Galliarum

88 2077 309 2126 indicans
344 2078 621 2124 vastitatem.
709 2077 902 2132 Quibus
933 2075 1210 2122 subserebat
1246 2095 1340 2124 non
1369 2078 1493 2126 adeo
1510 2104 1561 2132 ιω

89 2161 226 2195 vetus
246 2149 545 2210 exemplum,
581 2145 715 2211 quod
741 2146 1049 2193 Diocletiano
1075 2159 1119 2192 et
1142 2145 1244 2192 eius
1262 2147 1495 2211 collegae,

90 2231 146 2264 ut
179 2215 504 2278 adparitores,
553 2214 775 2263 Caesares
805 2233 903 2260 non
936 2214 1134 2274 resides,
1177 2213 1261 2261 sed
1282 2216 1410 2262 ultro
1431 2216 1496 2262 ci-

90 2293 267 2347 troque
288 2284 611 2340 discurrentes
635 2284 1064 2348 obtemperabant:
1102 2297 1150 2330 et
1170 2282 1217 2329 iu
1237 2285 1375 2349 Syria
1398 2285 1500 2331 Au-

94 2354 215 2416 gusti
265 2353 544 2401 vehiculum
595 2352 841 2399 irascentis
898 2371 982 2417 per
1030 2352 1237 2416 spatium
1285 2351 1332 2416 6)’
1364 2353 1496 2400 mille

91 2414 313 2487 pass'uum
352 2423 452 2470 fere
493 2421 642 2487 pedes
682 2421 974 2486 antegressus
1016 2422 1082 2470 est
1126 2421 1349 2469 Galerius
1386 2440 1501 2486 pur·

94 2504 312 2556 puratus.

736 2557 839 2606 Ca

138 2742 180 2784 5)
218 2741 288 2777 ΜΓ.
329 2739 565 2776 deferebatur.
621 2744 659 2784 4)
697 2743 821 2791 Sceph.
858 2754 892 2780 et
918 2742 985 2778 Ms.
1013 2743 1087 2792 qui.
1152 2742 1340 2792 5)Scepl1.
1370 2754 1404 2779 et
1428 2743 1495 2779 ΜΓ.

98 2787 244 2834 quique.
294 2791 329 2835 6)
357 2790 406 2823 al.
436 2787 535 2826 mille
564 2787 692 2835 pastus.
