1727 3144
425 180 520 212 AD
592 180 1093 213 LECTOREM.
1376 181 1505 214 xLlu

99 289 289 352 denua,
329 289 452 339 adeo
483 289 698 338 modeste
732 304 878 356 atque
906 288 1116 351 fincere,
1159 307 1214 337 ac
1248 306 1505 339 nonnum-

98 379 244 424 quam
272 360 416 407 etiam
446 361 674 408 benivole
704 358 764 407 de
797 359 1079 408 Christianis
1109 359 1254 406 rebus
1277 377 1506 409 comme-

77 426 280 489 ‘1-norat,
321 443 376 476 ut
405 430 556 495 aliqui
588 448 742 476 uuum
767 446 824 476 ex
846 428 1018 490 nostris
1041 429 1333 493 putaverint.
1403 429 1507 476 Ni-

96 497 276 544 miru'm
295 497 433 545 licuti
451 499 697 560 existimo,
732 498 1005 558 virbonus,
1040 498 1228 562 integer
1251 511 1298 545 et
1315 496 1506 561 sapiens

93 565 403 630 Religionem
434 568 753 616 Christianam
781 585 880 615 non
914 566 1051 632 sequi
1072 580 1179 614 tuto
1200 565 1245 613 se
1266 566 1398 631 poss'e
1419 567 1508 614 in-

95 635 370 699 telligebat:
420 636 644 683 eamdem
674 636 987 701 Principibus
1034 634 1130 683 suis
1173 649 1425 700 acceptam
1457 650 1506 684 et

95 716 203 751 toto
250 705 350 753 fere
389 706 510 753 orbe
543 706 766 760 Romano
809 704 1031 752 diffusam
1069 706 1228 769 palam
1274 704 1506 753 damnare

94 791 195 820 non
228 773 480 822 audebat.>
535 775 636 822 Sed
666 788 713 821 et
745 775 943 822 forfitan
978 775 1270 838 religionum
1297 773 1506 821 diverfi-

40 884 44 888 .
94 855 217 888 tates
248 861 349 890 nou
381 844 705 908 improbavit,
749 843 1124 908 persuasumque
1159 843 1335 890 habuit
1365 843 1508 908 (ficut

96 911 162 958 ait
193 909 253 959 de
284 912 457 960 notitia
486 913 584 960 Dei
615 913 956 978 Symmaclms)
990 932 1085 960 una
1117 913 1194 959 via
1228 930 1327 960 nou
1372 911 1507 977 poss‘e

94 981 340 1046 perveniri
360 980 423 1027 ad
442 995 540 1028 tam
565 982 746 1046 grande
770 982 1025 1030 secretum.

199 1050 544 1098 Valentiniano
562 1065 609 1099 et
618 1052 824 1099 Valente
836 1050 1190 1116 imperantibus
1214 1050 1507 1098 Ammianus

96 1117 167 1164 M.
188 1119 390 1166 militiae
414 1120 734 1182 renuntiavit,
766 1120 1168 1180 ‹et-Antiochiam
1203 1119 1508 1184 domumque

93 1186 254 1235 rediit.
334 1188 438 1235 Ubi
463 1189 570 1254 post
601 1189 862 1237 Theodori
890 1190 1282 1238 coniurationem
1311 1190 1509 1253 patefa-

94 1270 219 1303 ctam
256 1271 400 1323 atque
434 1259 732 1323 oppressam,
764 1260 937 1322 iniquo
957 1258 1186 1306 Iudicum
1210 1257 1511 1305 Advocato-

97 1343 305 1389 rumque
338 1327 560 1374 colludio
593 1327 764 1373 litibus
794 1327 1092 1390 inquietatus
1121 1343 1174 1371 ac
1206 1339 1402 1372 vexatus
1426 1326 1510 1373 vi-

99 1393 243 1440 detur
275 1394 412 1440 fuiffe
432 1431 445 1455 ,
484 1412 584 1440 non
613 1394 712 1441 fine
743 1395 904 1458 aliqua
938 1394 1008 1440 rei
1028 1392 1281 1441 familiaris
1305 1393 1505 1442 iactura.

98 1463 183 1510 Sic
204 1462 334 1509 enim
357 1461 646 1527 explicanda
668 1462 835 1508 iudico
859 1463 1007 1509 verba
1026 1461 1146 1509 haec
1169 1462 1232 1508 A.
1266 1462 1512 1511 Marcelli..

97 1531 150 1578 ni
177 1531 225 1576 in
250 1531 378 1578 libro
399 1549 499 1579 xxx
518 1547 622 1594 cap.
650 1535 680 1577 4
703 1530 743 1592 ᾗ.
770 1535 814 1577 4.
836 1530 925 1576 uhi
950 1531 998 1575 in
1017 1530 1344 1578 Orientalium
1364 1532 1507 1580 Rom.

97 1599 458 1646 cauffidicinam
481 1600 585 1655 fuse
607 1599 871 1646 invehitur.
945 1602 1082 1660 Ergo
1110 1599 1332 1659 absolutis
1349 1603 1511 1663 ficper

30 1730 33 1733 ἢ
97 1672 199 1716 eius
220 1671 508 1731 imiignitate
518 1671 696 1731 paucis
708 1704 724 1725 ,
756 1685 908 1731 qaam
927 1670 979 1713 in
997 1670 1096 1731 ..illis
1112 1668 1344 1730 partibus
1377 1670 1512 1734 (Ori-

101 1737 245 1803 entis)
279 1756 432 1800 agens
458 1739 849 1800 expet-cassiam,
891 1740 964 1784 cccl
1000 1747 1279 1800 coeptorum
1319 1742 1511 1799 cuffiam

95 1810 355 1870 regrediar
374 1810 656 1869 institutam.
729 1806 1044 1871 Quapropter
1067 1805 1364 1871 indignatus,
1402 1807 1516 1856 Ori-

101 1876 202 1923 enti
234 1895 288 1924 ac
317 1877 499 1941 patriae
531 1875 765 1924 valedixit
792 1876 891 1922 iam
930 1889 1084 1922 aetate
1120 1889 1409 1939 provectus,
1464 1891 1514 1925 et

98 1944 309 1993 Romam
337 1945 522 1992 seceffit
552 1945 816 2006 Gratiano,
871 1944 1219 1993 Valentiniano
1259 1958 1306 1992 et
1348 1945 1512 1994 Theo-

104 2012 239 2061 dolio
270 2014 603 2079 Principibus,
639 2028 694 2060 ut
721 2015 870 2061 frater
903 2032 1039 2061 meus
1080 2013 1263 2061 credit:
1324 2028 1379 2061 ut
1418 2033 1510 2079 ego

100 2083 259 2144 malo,
302 2083 419 2131 vivo
452 2082 614 2130 adhuc
645 2083 852 2131 Valente
882 2082 944 2129 A.
980 2083 1137 2130 Tanta
1167 2083 1217 2129 in
1238 2083 1362 2130 urbe
1393 2083 1513 2130 Am-

100 2152 291 2199 mianus
313 2171 424 2199 cum
449 2151 755 2199 domicilium
776 2151 1121 2209 constituisset,
1152 2152 1332 2199 multos
1365 2152 1513 2199 Sena.-

100 2235 230 2268 tores
255 2222 340 2285 qui
365 2220 745 2268 Clariffimorum
767 2220 913 2268 titulo
935 2235 982 2268 ct
1012 2220 1272 2267 Nobilium
1302 2222 1515 2285 appella-

102 2291 235 2338 tione
257 2289 575 2337 censebanuu
586 2326 603 2346 ,
636 2289 726 2336 fibi
749 2290 932 2337 amicos
963 2288 1214 2336 adiunxit.
1252 2307 1376 2354 quos
1409 2290 1516 2336 Ma-

103 2358 301 2421 gistratu
332 2359 527 2424 aliquo,
556 2359 605 2404 in
637 2346 806 2423 primis
826 2358 1138 2406 Praefectum
1159 2358 1362 2405 Urbana
1383 2376 1517 2421 egre-

105 2428 181 2491 gie
211 2427 432 2489 functos,
473 2445 530 2474 ex
559 2427 811 2475 occalione
848 2428 898 2474 in
931 2426 1014 2476 sua
1058 2427 1270 2475 Historia
1313 2424 1515 2475 laudare

105 2495 372 2544 consuevit.
458 2495 564 2544 Hos
593 2496 720 2544 inter
752 2497 933 2560 pximas
957 2497 1115 2544 tenuit
1139 2496 1217 2561 H)
1222 2508 1407 2559 patius
1440 2497 1516 2544 vii

107 2565 411 2626 Consularis,
456 2566 604 2611 frater
633 2563 870 2612 Eusebiae
899 2565 1170 2629 Augustae,
1218 2582 1273 2610 ac
1314 2563 1513 2612 Eusebii

106 2633 323 2681 [imilitei
345 2632 649 2693 Consularis,
687 2634 771 2698 qui
803 2652 858 2681 ex
882 2634 1118 2682 (hieme
1107 2652 1157 2679 111
1190 2631 1517 2681 Occidentem

108 2720 307 2767 quoque
329 2703 609 2761 tiansieiat,
645 2716 691 2749 et
712 2704 893 2750 Romae
914 2702 1078 2750 sedem
1102 2716 1321 2779 ceupeiat.
1367 2721 1515 2767 quem

107 2770 158 2817 in
188 2771 317 2818 libro
350 2788 484 2818 xxxx.
521 2771 695 2819 eximie
726 2771 917 2832 laudat,
956 2786 1004 2819 ct
1024 2771 1237 2819 amicitia
1257 2771 1397 2819 caula
1421 2789 1515 2818 no-
