1727 3144
201 150 299 213 573
441 136 1168 199 ammrltmmancnnmm'
1206 164 1345 206 xxxi,
1391 153 1438 196 5.

200 289 280 334 to,
317 272 491 338 globos
511 273 731 338 irrupere
758 272 1035 321 nostrorum
1067 272 1315 336 incautos,
1351 286 1399 321 et
1428 285 1618 337 parmas

200 341 458 408 suppofitis
492 342 785 406 corporibus
817 341 1084 404 illidendo,
1132 342 1305 390 obvios
1336 340 1482 390 hastis
1513 359 1621 406 per-

204 412 433 460 forabant
467 425 514 459 et
550 410 747 475 gladiis:
792 411 1058 477 furoreque
1086 425 1288 476 urgente
1308 424 1537 470 cruento,
1573 423 1624 457 et

205 481 393 529 tribuni
428 495 475 528 et
508 481 741 545 pleraque
775 499 885 545 pars
913 495 1210 528 armatorum
1253 480 1443 545 periere
1479 479 1625 542 lignis

206 550 412 614 erepti5‚
442 563 633 614 praeter
655 551 831 597 ducem
851 549 1136 612 infaustum,
1171 549 1256 615 qui
1290 549 1352 596 ad
1381 548 1435 596 id
1466 548 1625 595 solum
1687 610 1690 612 v

205 619 461 680 inventus,
511 634 566 665 ut
620 619 998 683 confligentibus
1044 619 1148 666 aliis
1201 619 1477 683 proriperet
1522 615 1626 680 ipse

206 688 359 737 semet
391 687 442 734 in
471 688 657 752 fugam,
700 689 873 735 urbem
901 686 1045 735 cursu
1069 688 1266 736 concito
1285 688 1440 751 petiit.
1514 684 1628 733 Post

211 774 336 823 quae
368 756 530 804 hostes
564 756 707 803 armis
733 756 896 804 induti
937 757 1198 820 Romanis,
1256 757 1393 804 nullo
1434 768 1628 804 vetante

211 844 300 891 per
321 825 450 873 varia
475 824 819 890 graffabantur.

136 917 196 950 v10
311 894 374 941 Et
395 895 628 958 quoniam
651 893 714 938 ad
742 894 828 940 has
863 909 1023 957 partes
1053 894 1163 971 post
1192 894 1488 958 multiplices
1516 910 1632 940 ven-

212 977 317 1010 tum
339 961 405 1008 est
424 974 581 1021 actus,
614 959 669 1006 id
686 961 899 1008 lecturos
922 963 980 1026 (fi
998 963 1083 1027 qui
1105 977 1247 1009 erunt
1263 963 1518 1026 umquam)
1543 962 1631 1009 ob-

215 1030 471 1087 testamur,
518 997 581 1076 ne⁷
611 1029 722 1094 quis
753 1048 780 1076 a
807 1030 952 1077 nobis
981 1030 1262 1095 scrupulose
1291 1032 1416 1094 gesta
1439 1032 1516 1078 vel
1541 1049 1632 1077 nu-

212 1116 404 1148 melum
425 1098 582 1162 exigat
597 1112 979 1163 peremptorum,
1015 1101 1101 1165 qui
1117 1099 1472 1164 comprehendi
1494 1100 1632 1146 nullo

215 1185 391 1232 genere
416 1167 592 1232 potuit.
664 1168 886 1216 Sufficiet
904 1169 1061 1230 enim,
1097 1168 1297 1216 veritate
1320 1169 1456 1216 nullo
1477 1169 1632 1216 velata

216 1236 509 1299 mendacio,
549 1233 676 1301 ipsas
698 1254 861 1285 rerum
892 1236 1112 1301 digerere
1147 1237 1466 1285 summitates:
1519 1255 1634 1284 cum

216 1305 532 1371 explicandae
569 1323 732 1354 rerum
763 1309 1029 1354 memoriae
1068 1307 1256 1384 ubique
1291 1306 1527 1354 debeatur
1562 1305 1635 1352 in-

147 1397 197 1425 ιι
216 1389 414 1439 tegritas
456 1373 572 1423 fida.
676 1374 871 1440 Negant
907 1376 1248 1440 antiquitatum
1288 1376 1443 1439 ignari
1488 1376 1635 1422 tantis

216 1445 460 1493 malorum
482 1444 696 1492 tenebris
719 1442 939 1493 obfusam
963 1444 1229 1510 aliquando
1261 1444 1398 1492 fuisse
1422 1462 1524 1492 rem
1551 1463 1635 1508 pu-

215 1513 424 1575 blicam,
463 1513 550 1561 sed
580 1514 816 1561 falluntur
844 1515 1084 1561 maloium
1125 1513 1396 1562 recentium
1439 1514 1636 1577 stupore

217 1582 415 1631 confixi.
488 1582 733 1648 Namque,
768 1582 806 1630 [i
827 1582 1099 1648 superiores
1122 1585 1199 1631 vel
1221 1601 1386 1631 recens
1408 1582 1638 1647 praeteri-

219 1665 297 1700 tae
327 1652 612 1700 evolvantur
643 1666 849 1713 aetates,
894 1653 1013 1700 tales
1046 1667 1244 1718 tamque
1286 1652 1440 1699 tristes
1472 1669 1637 1699 rerum

151 1742 207 1773 12
222 1735 386 1768 motus
422 1720 559 1786 saepe
598 1721 850 1785 contigiss'e
892 1722 1244 1769 monstrabunt.
1333 1720 1642 1768 Inundarunt

224 1790 415 1837 Italiam
438 1808 494 1838 ex
513 1789 694 1837 abditis
717 1790 904 1839 Oceani
926 1791 1144 1855 partibus
1167 1790 1416 1838 Teutones
1438 1803 1639 1854 repente

223 1875 340 1905 cum
365 1860 602 1907 Cimbris:
630 1858 714 1907 sed
737 1860 843 1924 post
863 1860 1070 1907 inflictas
1097 1859 1167 1908 rei
1196 1860 1444 1907 Romanae
1475 1857 1639 1906 clades

223 1925 506 1988 immensas,
551 1928 736 1974 ultimis
768 1929 970 1992 proeliis
1007 1947 1094 1993 per
1139 1929 1286 1976 duces
1327 1926 1640 1991 ampliffimos

223 1994 463 2059 superati,
501 1995 621 2059 quid
643 1998 847 2057 potestas
870 1997 1048 2044 Martia
1067 2000 1106 2062 ⁴)
1128 1997 1187 2043 de
1222 1996 1394 2042 habitu
1429 1995 1640 2059 pruden-

227 2064 320 2111 tiae
339 2063 526 2120 valeat,
576 2062 807 2110 radicitus
841 2064 1084 2128 exstirpati
1118 2064 1484 2110 discriminibus
1513 2063 1642 2111 didi·
1683 2100 1685 2102 -

159 2141 213 2187 13
228 2149 340 2180 cere
378 2130 629 2196 supremis.
733 2131 902 2178 Marco
943 2133 1116 2179 itidem
1153 2132 1439 2179 moderante
1480 2133 1643 2197 Impe-

229 2201 383 2261 rium,
429 2219 584 2247 unum
611 2199 839 2263 spirando
873 2199 1059 2248 vesania
1087 2202 1303 2265 gentium
1330 2200 1640 2263 diss'onarum,

226 2269 337 2336 post
355 2270 600 2317 bellorum
618 2270 830 2332 fragores
855 2269 1142 2331 immensos,
1173 2270 1279 2334 polt
1298 2276 1327 2302 *
1349 2270 1418 2317 eri
1440 2270 1640 2319 urbium

227 2352 482 2403 captarum
505 2352 553 2385 ct
578 2337 873 2402 direptarum
895 2352 942 2385 et
963 2307 1146 2403 peffuni
1169 2344 1196 2370 *
1224 2340 1439 2386 concitas
1474 2357 1640 2402 proia-

229 2407 350 2454 toris
379 2413 407 2440 *
436 2407 689 2467 interitus⁷
748 2421 907 2471 partes
940 2425 1108 2455 corum
1142 2407 1333 2471 exiguas
1376 2407 1641 2472 reliquiss'et

161 2486 215 2540 πί
231 2476 451 2523 intactas.
539 2477 727 2523 Verum
763 2493 876 2523 mox
919 2478 1025 2541 post
1063 2477 1338 2523 calamitosa
1382 2475 1639 2540 dispendia

230 2563 307 2594 res
338 2546 389 2592 in
421 2546 665 2609 integrum
698 2543 807 2592 sunt
838 2547 1103 2593 restitutae:
1154 2546 1243 2592 hac
1274 2545 1422 2609 gratia
1441 2581 1453 2605 ‚
1500 2546 1638 2609 quod

230 2613 453 2662 nondum
483 2613 729 2661 solutioris
759 2614 884 2662 vitae
914 2615 1119 2663 mollitie
1150 2614 1309 2662 sobria
1340 2613 1541 2662 vetustas
1567 2614 1638 2662 in-

139 682 167 701 Q

232 2724 322 2734 0-0-22-

713 2726 823 2733 mo<

272 2782 309 2823 (3)
342 2778 466 2825 Steplc.
496 2779 539 2816 qd
567 2777 613 2812 de
647 2791 721 2813 non
748 2777 866 2813 habel„
