1727 3144
208 142 342 174 VAL.
387 143 684 174 GRATIAN.
723 145 797 175 ΕΤ
836 145 1093 177 VALENT.
1134 146 1177 176 2.
1253 132 1368 193 577.
1451 135 1542 178 581

134 250 277 299 satias
318 250 704 308 dicebatur:.eo
743 255 950 303 maxime
997 251 1305 315 adiumento,
1357 268 1548 319 praeter

139 324 398 384 genuinam
421 325 567 370 erecti
589 324 851 384 fiduciam,
896 325 1032 389 quod
1063 326 1343 373 confluebat
1371 323 1432 370 ad
1465 342 1547 371 eos

133 389 185 435 in
210 391 311 437 dies
332 408 388 438 ex
408 392 576 439 eadem
600 409 740 456 gente
769 394 1060 455 multitudo⁷
1097 393 1286 441 dudum
1314 412 1339 440 a
1369 411 1546 439 merca-

135 459 327 505 toribus
347 461 654 523 venumdati,
702 462 902 509 adiectis
936 465 1185 527 plurimis,
1232 480 1354 528 quos
1385 462 1543 524 primo

133 529 425 592 transgreffu
447 531 602 578 necati
624 531 812 593 inedia,
850 533 965 579 vino
988 533 1097 580 exili
1121 533 1199 580 vel
1227 532 1362 595 panis
1387 529 1545 576 frustis

135 612 385 645 mutavere
406 600 652 647 viliffimis.
728 601 920 657 Quibus
943 601 1174 649 acceffere
1193 598 1548 665 sequendarum
1562 604 1590 647 6

133 666 239 714 auri
270 685 500 715 venarum
531 670 675 734 periti
709 687 808 725 non
847 671 1015 732 pauci,
1049 670 1360 733 vectigalium
1382 670 1422 733 ⁴)
1442 684 1551 731 per-

132 735 261 782 ferre
284 737 416 800 poffe
438 756 538 785 non
555 737 845 783 sufficientes
867 735 1074 783 sarcinas
1097 756 1287 801 graves:
1315 735 1549 799 suscepti-

135 821 230 867 que
269 805 445 850 libenti
496 803 809 853 conl'enfione
853 819 1171 866 cunctorum,
1224 822 1401 869 magno
1440 803 1548 850 usui

129 871 308 919 iisdem
336 873 471 919 fuere
501 873 667 937 ignota
701 873 1070 937 peragrantibus
1098 876 1230 935 loca,
1267 872 1545 921 conditoria

127 941 323 1005 frugum
351 943 541 995 occulta
565 956 612 988 et
634 943 839 989 latebras
870 942 1130 990 hominum
1158 957 1206 991 et
1239 940 1544 1005 receptacula

126 1008 388 1057 secretiora
419 1011 750 1058 monstrando.
833 1010 938 1058 Nec
983 1012 1251 1077 quidquam
1285 1011 1376 1057 nili
1415 1011 1589 1063 'mac-7

125 1078 306 1127 cessum
334 1093 382 1127 et
412 1079 635 1140 devium,
679 1082 1026 1144 praeeuntibus
1058 1082 1233 1128 iisdem
1262 1079 1435 1128 manfit
1475 1078 1546 1123 in-

126 1161 325 1195 tactum.
398 1149 515 1196 Sine
535 1148 757 1197 distantia
776 1150 906 1196 enim
929 1150 1097 1197 aetatis
1129 1151 1202 1198 vel
1235 1148 1369 1197 sexus
1398 1185 1410 1208 ‚
1444 1163 1551 1194 cae-

128 1217 274 1264 dibus
302 1217 746 1282 incendiorumque
785 1219 1123 1282 magnitudine
1159 1232 1334 1266 cuncta
1383 1219 1554 1280 flagra-

124 1286 270 1333 bant:
317 1288 668 1352 abstractisque
697 1288 758 1334 ab
784 1287 891 1352 ipso
922 1289 1129 1336 uberum
1162 1287 1301 1335 suctu
1328 1283 1545 1352 parvulis

125 1370 174 1402 et
202 1356 414 1417 necatis,
456 1371 620 1422 raptae
652 1355 758 1403 sunt
786 1370 989 1417 matres»,
1034 1372 1082 1405 ct
1101 1357 1328 1405 viduatae
1359 1352 1544 1401 maritis

122 1424 356 1488 coniuges
386 1439 497 1472 ante
533 1426 703 1473 oculos
733 1424 907 1486 caelis,
959 1442 1006 1474 et
1040 1428 1250 1490 puberes
1289 1422 1541 1486 adultique

122 1494 264 1558 pueri
298 1512 385 1558 per
423 1494 953 1559 parentum‘cadavera
992 1496 1135 1542 tracti
1172 1493 1296 1541 sunt.
1389 1491 1584 1538 Senes&

123 1563 336 1627 denique
356 1564 523 1624 multi,
557 1562 619 1610 ad
638 1563 904 1611 satietatem
930 1565 1092 1612 vixisl'e
1118 1565 1406 1622 clamantes»,
1436 1558 1543 1624 post

123 1632 309 1679 amiss'as
343 1649 461 1696 opes
490 1651 604 1678 cum
633 1630 861 1696 speciofis
898 1633 1121 1694 feminis,
1166 1631 1394 1680 manibus
1438 1627 1544 1694 post

122 1715 256 1765 terga
304 1701 570 1762 contortis,
619 1701 907 1766 defletisque
954 1703 1210 1767 gentilium
1253 1699 1431 1762 favillis
1464 1713 1541 1743 ae-

123 1769 258 1816 dium
275 1807 288 1831 ,
323 1769 626 1817 ducebantur
653 1784 882 1818 extorres.

655 1882 744 1946 (A.
777 1882 832 1930 C.
861 1883 1009 1945 577.)

217 1969 338 2018 VII.
374 1971 512 2018 Haec
542 1987 599 2018 ex
627 1970 855 2018 Thraciis
885 1988 1064 2034 magno
1095 1984 1318 2016 maerore
1341 1979 1538 2028 accepta
1558 1985 1575 2012 1

120 2039 380 2088 Valentem
429 2038 710 2104 Principem
750 2039 800 2084 in
843 2037 1198 2086 sollicitudines
1243 2036 1398 2083 varias
1445 2033 1539 2080 dis-

123 2109 387 2155 traxerunt.
465 2107 530 2154 Et
559 2106 813 2155 confestim
842 2108 1048 2155 Victore
1072 2105 1296 2169 magistro
1319 2101 1540 2166 equitum

122 2176 261 2225 miffo
287 2176 350 2222 ad
370 2174 561 2238 Persas,
591 2189 648 2222 ut
666 2175 811 2238 super
830 2176 1093 2224 Armeniae
1118 2174 1241 2221 statu
1268 2189 1360 2236 pro
1392 2185 1538 2235 captu

120 2265 283 2293 rerum
311 2258 633 2308 componeret
669 2243 1088 2308 impendentium:
1131 2241 1233 2306 ipse
1265 2240 1535 2287 Antiochia

120 2315 345 2381 protinus
378 2311 672 2377 egress'urus‚
728 2327 782 2359 ut
825 2310 1299 2375 Constantinopolim
1339 2308 1537 2356 interim

120 2398 337 2449 peteret,
371 2382 692 2430 Profuturum
714 2383 958 2446 praemilit
982 2395 1029 2428 et
1060 2380 1351 2438 Traianum,
1390 2378 1536 2424 ambo

125 2467 367 2510 rectores,
410 2451 691 2497 anhelantes
727 2451 927 2515 quidem
960 2449 1128 2510 altius,
1180 2447 1263 2495 sed
1297 2447 1536 2494 imbelles.

127 2523 229 2587 Qui
258 2539 370 2568 cum
401 2520 463 2567 ad
485 2521 592 2567 loca
615 2519 874 2581 veniss'ent,
904 2520 991 2566 ubi
1012 2516 1338 2582 particulatim
1358 2532 1541 2579 perque
1560 2536 1586 2566 2

124 2591 436 2654 furtamagis
469 2603 517 2636 et
548 2589 804 2637 latrocinia
831 2587 1099 2637 multitudo
1141 2586 1298 2634 minui
1341 2586 1541 2634 deberet

179 2760 215 2797 4)
244 2753 313 2789 ML
342 2764 375 2788 et
403 2754 528 2801 Steph.
560 2754 718 2802 perl'vwr
749 2766 818 2788 non
847 2750 945 2801 posse
971 2764 1044 2788 non
1068 2749 1296 2788 sufficientes.
