1727 3144
223 107 244 117 7.-

217 120 314 151 020
458 122 734 155 AMMIANi
769 124 1175 158 MARCELLINI
1208 126 1354 167 xx1x,
1392 112 1437 156 5.

215 228 404 276 hostem
433 246 628 296 caperet
659 231 1024 282 discursatorem
1057 248 1105 282 et
1139 235 1474 299 repentinum,
1516 233 1626 282 infi-

220 298 414 362 diisque
435 301 597 365 potius
619 301 948 366 clandestinis,
980 323 1125 370 quam
1143 305 1457 368 „proeliorum
1483 303 1626 351 stabi-

217 366 352 416 litate
379 370 632 417 confisum.

178 437 205 479 ὃ
321 438 471 493 Quod
502 440 585 486 ubi
616 440 780 488 Firmo
815 441 911 488 levi
942 459 1165 501 rumore,
1210 440 1324 488 dein
1357 439 1534 504 apertis
1558 438 1627 487 est

217 503 414 554 indiciis
437 509 687 572 cognitum
702 548 714 572 ‚
750 509 1081 575 spectatisfimi
1103 510 1240 558 ducis
1262 509 1474 557 adventu
1493 525 1628 574 prae-

216 573 432 636 strictus,
480 580 671 626 veniam
707 579 1020 629 confessionis
1061 580 1438 644 praeteritorum
1475 576 1628 624 misfis

216 647 492 693 oratoribus
515 648 742 712 poscebat
763 665 809 698 et
829 649 1041 713 scriptis,
1078 648 1371 697 docentibus
1396 665 1506 694 eum
1529 663 1628 693 non

218 710 388 775 sponte
425 714 506 766 sua
536 718 594 765 ad
635 718 685 765 id
718 717 947 782 erupisse,
998 718 1136 783 quod
1180 732 1323 767 norat
1361 715 1628 775 scelestum,

219 779 303 828 sed
326 783 581 848 iniquitate
605 787 836 851 grassante
860 787 1114 845 licentius,
1149 802 1205 834 ut
1234 786 1496 834 monstrare
1528 784 1633 849 pol-

176 849 472 903 9licebatur.
544 856 738 910 Quibus
755 858 892 904 lectis
914 874 1131 920 paceque
1153 855 1404 903 obfidibus
1419 852 1632 917 acceptis

218 920 473 981 promissa,
503 923 599 970 dux
622 924 685 973 ad
712 923 1028 971 recensendas
1057 925 1298 987 legiones,
1345 941 1468 988 quae
1501 922 1635 970 Afri-

219 1005 327 1035 cam
360 991 643 1052 tuebantur,
687 992 757 1037 ire
788 993 1018 1055 pergebat
1047 991 1109 1038 ad
1144 992 1524 1040 Pancharianam
1547 990 1633 1038 sta·

216 1055 434 1114 tionem,
471 1077 570 1124 quo
605 1062 867 1108 convenire
897 1074 1183 1125 praeceptae
1217 1059 1336 1107 sunt.
1428 1061 1508 1108 Ibi
1539 1078 1638 1108 tna-

220 1126 412 1186 gnificis
458 1129 619 1176 verbis
664 1144 807 1193 atque
846 1128 1171 1194 prudentibus
1213 1127 1296 1193 spe
1343 1143 1638 1178 cunctorum.

221 1209 407 1256 erecta,
450 1197 665 1247 reversus
700 1200 910 1259 Sitifim,
952 1198 1200 1248 concitato
1220 1197 1452 1263 indigena
1479 1199 1640 1245 milite

222 1279 336 1310 cum
370 1282 457 1326 eo,
497 1285 643 1331 quem
674 1266 776 1332 ipse
817 1267 1138 1332 perduxerat,
1188 1286 1330 1331 aegre
1358 1267 1638 1333 perpetiens

157 1348 208 1376 10
227 1349 387 1379 moras
411 1334 473 1380 ad
498 1337 779 1398 procinctus
804 1337 874 1385 ire
897 1338 1033 1384 ocius
1053 1337 1324 1385 festinabat.
1404 1337 1539 1384 Inter
1566 1353 1640 1384 re·-

224 1398 359 1448 fidua
386 1418 546 1451 autem
570 1407 723 1453 multa
742 1421 789 1453 et
808 1407 962 1468 clara,
996 1406 1051 1453 id
1075 1424 1293 1454 amorem
1315 1406 1418 1453 eius
1446 1419 1643 1454 auxerat

223 1468 273 1516 in
305 1470 621 1534 immensum,
663 1474 801 1538 quod
826 1494 851 1523 a
883 1475 1271 1540 provincialibus
1311 1489 1645 1523 commeatum

230 1541 461 1588 exercitui
493 1543 751 1606 prohibuit
786 1544 914 1605 dari,
947 1544 1116 1592 melses
1140 1558 1188 1592 et
1208 1545 1409 1592 condita
1430 1543 1646 1593 hostium

226 1606 419 1656 virtutis
456 1612 733 1663 nostrorum
761 1613 940 1666 horrea
974 1614 1095 1671 effe,
1147 1613 1330 1663 fiducia
1370 1630 1646 1663 memorans

228 1674 460 1739 speciosa.
1525 1685 1528 1689 ’

165 1765 211 1791 11
337 1747 430 1794 His
481 1748 548 1795 ita
601 1767 716 1796 cum
760 1750 945 1797 laetitia
1000 1750 1318 1815 poffefforum
1385 1748 1648 1815 dispositis,

232 1812 270 1876 ⁷)
318 1815 668 1880 Tubusuptum
732 1819 1035 1883 progressus,
1132 1821 1375 1885 oppidum
1446 1821 1648 1867 Ferrato

230 1883 518 1946 contiguum
541 1888 725 1948 monti⁷
767 1889 1063 1951 legationem
1098 1888 1362 1937 secundam
1391 1888 1545 1937 Firmi
1579 1903 1651 1934 re-

232 1949 484 2017 pudiavit,
524 1972 646 2017 quae
680 1956 895 2016 obfides,
936 1972 990 2005 nt
1023 1972 1132 2005 ante
1163 1959 1392 2004 statutum
1426 1957 1516 2017 est,
1548 1973 1652 2004 non

238 2016 437 2066 duxerat
465 2019 644 2069 secum.
725 2023 872 2069 Unde
904 2025 1131 2071 omnibus
1161 2044 1252 2089 pro
1295 2026 1408 2072 loco
1445 2039 1494 2073 et
1531 2039 1652 2071 tem-

235 2105 358 2153 pore
393 2090 577 2139 cautius
609 2090 868 2153 exploratis
898 2092 1094 2139 concito
1126 2093 1280 2156 gradu
1317 2093 1656 2157 Tyndenfium

238 2171 431 2219 gentem
456 2173 504 2206 et
526 2158 886 2207 Massiffenfium
912 2161 1057 2224 petit,
1095 2161 1285 2210 levibus
1315 2163 1464 2210 armis
1485 2162 1656 2209 instru-

241 2239 343 2272 ctas
362 2264 375 2288 2
406 2246 523 2291 quas
554 2225 781 2277 Mascizel
809 2242 856 2275 et
885 2229 1008 2276 Dius
1036 2230 1207 2278 fratres
1235 2231 1392 2279 Firmi
1423 2231 1463 2291 ⁸)
1489 2231 1656 2280 ducta-

182 2294 377 2343 nzbant.
454 2297 578 2344 Cum
604 2296 751 2347 effent
768 2297 927 2345 hostes
959 2298 1054 2346 iam
1083 2299 1134 2346 in
1163 2301 1389 2347 contuitu
1420 2301 1655 2350 membris

247 2365 476 2412 omnibus
513 2367 721 2427 celeres,
764 2367 871 2430 post
903 2367 1096 2416 misfilia
1126 2368 1243 2416 hinc
1284 2367 1399 2417 inde
1434 2369 1654 2418 crebrius

245 2430 395 2492 iacta,
426 2435 749 2483 committitur
771 2450 1012 2487 certamen
1043 2436 1384 2503 asperrimum:
1429 2440 1655 2502 interque

249 2503 455 2562 gemitus
499 2504 670 2553 mortis
699 2519 747 2553 et
786 2506 1040 2555 vulnerum
1075 2506 1397 2555 audiebantur
1427 2506 1659 2557 barbaro-0

251 2588 360 2617 rum
382 2572 638 2623 ululabiles
658 2575 800 2623 fletus
819 2589 1071 2638 captorum
1097 2590 1143 2624 et
1165 2575 1438 2625 caesorum:
1477 2594 1660 2642 pugna-

302 2736 337 2780 7)
360 2735 424 2770 ΜΓ.
457 2736 728 2785 Tubosoptum.
782 2741 819 2784 3)
846 2737 916 2774 ΜΓ.
950 2739 1135 2786 optabant.
