1727 3144
522 196 895 228 JULIANUS.
968 183 1083 228 565.
1423 187 1517 232 531

117 304 272 352 tieudi
290 305 476 368 futura,
511 324 601 370 per
621 304 756 359 suam,
781 306 987 371 quisque
1012 308 1324 371 progeniem,
1354 310 1524 373 poste-

117 374 181 420 ris
218 375 454 422 aetatibus
485 376 696 422 tradunt.
776 375 847 422 Ex
880 393 938 423 eo
968 393 1054 440 per
1088 376 1270 424 saecula
1291 379 1439 425 multa
1466 377 1527 426 ad
1546 383 1604 438 ’54

117 442 340 507 praesens
374 463 467 492 una
500 444 769 507 eademque
800 443 1022 509 prosapia
1053 444 1321 492 multitudo
1352 463 1526 509 creata,

121 510 327 559 deorum
349 515 561 560 cultibus
583 513 852 560 dedicatur.
925 514 1234 578 Feruntque,
1281 513 1317 560 fi
1354 514 1528 563 iustum

120 580 184 628 est
225 580 388 640 credi,
449 585 592 630 etiam
625 583 788 646 ignem
833 582 1034 630 caelitus
1078 582 1267 648 lapsum
1309 582 1440 647 apud
1482 583 1529 632 se

117 648 423 714 sempiternis
477 651 654 698 foculis
711 650 979 712 custodire,
1044 654 1181 698 cuius
1249 647 1529 717 portionem

119 718 364 781 exiguam,
412 723 466 766 ut
507 719 728 777 faustam,
778 719 979 780 praeiss'e
1019 719 1269 784 quondam
1309 719 1528 768 Afiatieis

117 787 322 849 regibus¹
349 786 533 834 dicunt.
619 786 778 832 Huius
815 786 1016 850 originis
1053 790 1183 853 apud
1226 804 1410 837 veteres
1442 809 1529 836 nu-
1548 795 1607 841 35

116 872 278 901 merus
300 869 401 902 erat
422 855 581 915 exilis,
601 855 812 919 *eiusque
838 856 1112 904 ministeriis
1144 857 1360 906 Pei-[icae
1394 873 1532 923 pote-

114 922 256 970 states
282 923 330 971 in
361 925 597 972 faciendis
624 925 770 970 rebus
801 923 977 974 divinis
1006 925 1307 975 sollemniter
1328 928 1531 974 uteban-

117 1005 212 1038 tur.
303 993 518 1059 Eratque
564 992 810 1058 piaculum
853 1010 956 1041 aras
991 994 1154 1053 adire,
1205 997 1283 1043 vel
1325 996 1532 1043 hostiam

115 1075 449 1124 contrectare,
483 1076 745 1126 antequam
772 1074 939 1124 magus
962 1065 1212 1127 conceptis
1242 1065 1533 1129 precationi·

116 1130 209 1176 hus
242 1131 507 1180 libamenta
536 1129 849 1178 diffunderet
898 1132 1243 1194 praecursoria.
1342 1129 1533 1180 Verum

118 1199 248 1246 aucti
293 1202 574 1264 ljiaullatim,
624 1200 675 1245 in
724 1199 1098 1264 amplitudinem
1147 1201 1301 1265 gentis
1347 1200 1531 1250 solidae

118 1269 455 1317 concesserunt
476 1284 522 1317 et
543 1286 721 1316 nomen
741 1286 750 1314 z
790 1268 1022 1332 villasque
1042 1270 1370 1334 inhabitantes
1398 1271 1531 1318 nulla

119 1345 373 1385 murorum
398 1336 702 1387 firmitudine
731 1339 1082 1399 communitas,
1132 1353 1178 1386 et
1208 1339 1396 1402 legibus
1435 1338 1530 1386 suis

120 1405 193 1452 uti
216 1407 452 1471 permiffi,
485 1405 734 1470 religionis
760 1405 980 1469 respectu
1002 1406 1110 1454 sunt
1131 1407 1376 1455 honorati.
1462 1407 1533 1455 Ex
1551 1412 1610 1457 36

119 1473 501 1539 hocinagoruln
522 1474 703 1522 semine
729 1473 915 1537 septem
946 1476 1051 1539 post
1085 1490 1293 1523 mortem
1329 1476 1534 1541 Camby-

120 1542 180 1589 fis
215 1548 417 1608 regnum
446 1544 581 1591 inisse
621 1542 844 1591 Pei-fidos
874 1544 1061 1608 antiqui
1098 1559 1367 1595 memorant
1399 1545 1532 1605 libri,

124 1610 382 1674 docentes,
421 1631 502 1660 eos
522 1612 662 1659 Darii
690 1611 904 1659 factione
935 1612 1210 1675 opprelsos,
1246 1613 1539 1676 imperitan-

125 1680 176 1726 di
203 1682 394 1729 initium
424 1681 603 1746 equino
628 1681 825 1727 hinnitu
857 1679 1031 1727 sortiti.

221 1752 278 1798 In
303 1751 395 1798 hae
416 1751 614 1815 regione
637 1752 799 1797 oleum
827 1749 1087 1798 conficitur
1116 1748 1389 1811 medicum,
1433 1768 1532 1815 quo
1552 1759 1610 1814 37

120 1819 301 1866 illitum
323 1821 500 1876 telum,
530 1819 568 1866 fi
588 1819 805 1866 emiffum
835 1818 1013 1865 lentius
1039 1818 1221 1866 laxiore
1258 1837 1373 1866 areu
1400 1820 1534 1885 (nam

121 1888 225 1935 ictu
248 1888 562 1953 exstinguitur
586 1887 780 1951 rapido)
805 1886 1013 1934 haeserit
1038 1884 1239 1952 usquam
1256 1925 1268 1944 ‚
1302 1888 1535 1934 tenaciter

125 1972 329 2006 cremat:
367 1972 414 2004 et
433 1957 470 2003 fi
488 1975 612 2034 aqua
627 1956 836 2004 voluerit
856 1957 1050 2003 abluere
1076 1957 1350 2021 quisquam,
1382 1957 1533 2005 aestus

126 2027 301 2074 excitat
329 2026 540 2074 acriores
587 2025 955 2088 incendiorum,
1012 2044 1102 2073 nee
1150 2026 1368 2073 remedio
1412 2026 1534 2085 ullo,

126 2095 444 2160 quamriactu
477 2095 686 2160 pulveris
727 2093 1027 2158 consopitur.
1124 2094 1327 2141 Paratur
1372 2107 1533 2141 autem
1553 2107 1613 2150 38

126 2164 224 2211 hoc
247 2163 413 2211 modo.
486 2164 665 2211 Oleum
693 2163 804 2210 usus
832 2164 1107 2211 eommunis
1140 2163 1291 2210 herba
1322 2160 1536 2226 quadani

128 2232 365 2280 infectum
387 2231 626 2279 condiunt
649 2233 819 2279 harum
842 2250 1002 2279 rerum
1039 2233 1207 2296 periti,
1249 2230 1310 2277 ad
1350 2229 1535 2276 diutur-

128 2302 330 2348 nitatem
352 2300 615 2361 servantes,
659 2315 707 2348 et
738 2301 1009 2349 coalescens
1043 2300 1218 2347 durant
1251 2317 1305 2345 ex
1334 2298 1537 2345 materia

130 2387 279 2417 venae
300 2370 554 2430 naturalis,
585 2369 751 2416 fimilis
782 2371 892 2418 oleo
919 2369 1153 2417 crassiori:
1199 2385 1318 2431 quae
1350 2365 1534 2430 species

131 2439 343 2503 gignitur
363 2437 495 2502 apud
517 2437 707 2499 Persas,
743 2457 888 2502 quam
908 2439 982 2502 (ut
1009 2437 1235 2500 diximus)
1268 2434 1539 2503 naphtham

130 2508 372 2555 vocabulo
409 2507 713 2570 adpellavere
740 2508 924 2570 gentili.

224 2575 317 2623 Per
361 2577 480 2622 hace
513 2576 619 2622 loca
661 2575 880 2623 civitates
924 2572 1160 2637 dispersae
1202 2570 1310 2619 sunt
1355 2571 1614 2636 plureS,39

131 2645 267 2708 queis
300 2645 526 2692 omnibus
559 2644 791 2707 praestant
826 2643 1056 2702 Zombis,
1102 2656 1149 2688 et
1182 2640 1436 2704 Patigran,
1492 2653 1540 2686 et

131 2716 318 2759 Gazaca
338 2733 347 2759 :
375 2715 501 2761 inter
523 2733 639 2777 quas
661 2713 838 2776 opibus
860 2726 906 2758 et
934 2708 1268 2774 magnitudine
1290 2709 1537 2756 moenium

131 2783 422 2843 const->ienae
450 2783 552 2827 sum
590 2782 835 2839 Heraclia,
876 2793 923 2826 et
955 2778 1180 2840 Arsacia,
1221 2792 1267 2826 et
1298 2778 1541 2842 Europos,
