1727 3144
189 112 285 179 4⁹72
434 131 691 167 Anniam
722 132 1109 166 manentum
1138 134 1324 179 xxvm,
1379 136 1418 165 ι.

122 246 183 303 4ο
195 243 382 290 actibus
402 243 527 291 vitae
552 244 837 309 plerumque
862 242 1116 306 contingit.
1149 243 1194 289 A
1215 243 1320 290 iure
1343 258 1504 291 tamen
1525 244 1597 290 iu-

190 311 412 377 stitiaque
451 313 625 360 crebro
676 311 929 359 discedens
970 312 1154 359 ferreus
1191 313 1442 376 cognitor,
1494 325 1597 360 erat

187 400 288 431 uno
310 381 439 448 quafi
462 382 723 447 praecipuo
747 380 1029 428 tolerabilis.
1089 380 1343 428 Interdum
1371 381 1500 429 enim
1522 399 1601 429 ex-

189 465 349 498 oratus
382 452 612 517 parcebat
646 450 915 515 aliquibus,
961 448 1097 515 quod
1131 468 1283 516 prope
1311 451 1482 498 vitium
1505 449 1598 498 effe

188 520 241 567 in
262 520 359 568 hoc
384 522 495 569 loco
518 521 694 583 legitur
715 520 845 583 apud
865 519 1112 568 Tullium:
1187 524 1323 568 Nam
1334 524 1388 581 st
1409 522 1600 583 impla-

189 590 364 636 cabiles¹
386 591 828 653 iracundiaqfimt,
875 592 1080 652 stimma
1106 591 1172 649 esi·
1199 591 1465 636 acerbitas:
1511 592 1602 650 fin

188 669 355 706 autem
380 661 647 709 exorabiles
663 695 679 717 ,
697 663 906 722 summa
935 661 1131 707 levitas:
1173 677 1299 722 qaae
1323 669 1519 717 tamen,
1548 667 1601 705 ut

191 729 244 776 in
263 732 431 787 malis,
463 730 722 778 acerbitati
743 732 1086 790 anteponenda
1112 730 1193 788 est.

120 797 171 852 41
289 799 401 846 Post
424 804 542 846 haec
569 796 832 862 praegrell'o
855 797 1047 858 Leone,
1094 811 1396 860 acceptoque
1421 793 1602 843 succes-

189 863 323 927 sore,
365 866 428 914 ad
458 868 700 931 Principis
733 866 1019 913 comitatum
1062 864 1361 912 Maximinus
1399 870 1602 924 accitus,

190 950 457 1001 auctusque
475 937 773 1000 praefectura
800 935 1119 998 praetoriana,
1140 934 1296 980 nihilo
1317 934 1475 981 lenior
1491 933 1603 994 fuit,

118 1003 178 1058 42
194 1017 240 1050 et
271 1004 369 1052 iam
397 1005 592 1065 longius
620 1021 831 1062 nocens,
873 1017 928 1048 ut
956 1001 1160 1048 balilil'ci
1190 1000 1450 1065 serpentes.
1539 1002 1602 1049 In

192 1070 246 1117 id
264 1087 478 1136 tempus,
511 1086 594 1119 aut
615 1089 712 1118 non
734 1072 889 1119 multo
914 1070 1046 1134 prius
1061 1107 1073 1131 7
1111 1069 1282 1134 scopae
1301 1074 1475 1118 florere
1494 1070 1604 1118 sunt

190 1139 342 1200 visae,
386 1142 563 1205 quibus
594 1141 863 1188 nobilitatis
895 1138 1028 1186 curia
1061 1138 1413 1186 mundabatur:
1451 1139 1603 1204 idque

188 1209 541 1271 portendebat,
592 1209 894 1257 extollendos
934 1209 1177 1273 quosdam
1208 1207 1606 1273 despicatiffimae

189 1275 331 1326 sortis
355 1279 414 1325 ad
435 1278 610 1342 gradus
637 1278 923 1342 potestatum
946 1279 1174 1324 excelsos.

117 1356 176 1412 45
284 1347 345 1394 Et
368 1349 638 1411 quamlibet
662 1347 999 1412 tempestivum
1025 1347 1090 1393 est
1110 1344 1173 1392 ad
1197 1344 1422 1392 ordinem
1445 1344 1606 1395 redire

191 1431 508 1480 coeptorum,
555 1431 717 1464 tamen
742 1417 867 1463 nihil
893 1414 1180 1480 impedituri
1200 1423 1479 1479 temporum
1500 1434 1609 1463 cur-

189 1484 266 1532 sus
289 1486 661 1532 immorabimur
687 1487 879 1550 paucis,
927 1503 1052 1549 quae
1086 1503 1174 1551 per
1198 1484 1506 1547 iniquitatem
1527 1504 1610 1532 cu-

191 1555 404 1602 rantium
443 1555 674 1602 vicariam
716 1554 1073 1619 praefecturam
1114 1553 1166 1599 in
1205 1553 1354 1614 urbe,
1435 1568 1608 1602 contra

192 1641 338 1686 quam
372 1638 657 1688 oportuerat
684 1624 806 1686 gesta
841 1622 975 1683 sunt,
1016 1622 1130 1687 quia
1160 1622 1224 1668 ad
1255 1635 1429 1669 nutum
1459 1623 1610 1670 Maxi-

195 1693 315 1739 mini
344 1707 390 1740 et
417 1694 714 1741 voluntatem
734 1691 910 1739 iisdem
944 1690 1174 1738 ministris
1203 1691 1338 1738 velut
1366 1690 1612 1756 adparito-

119 1754 178 1812 44
197 1761 328 1808 ribus
352 1762 657 1823 gerebantur.
733 1761 845 1807 Post
865 1761 997 1807 hunc
1016 1760 1151 1807 venit
1177 1759 1421 1807 Ui'ficiuus
1444 1761 1503 1807 ad
1522 1761 1612 1808 mi-

193 1830 318 1877 tiora
342 1831 648 1893 propenlior:
684 1830 794 1893 qui,
828 1830 1059 1895 quoniam
1078 1844 1248 1876 cautus
1272 1828 1363 1876 effe
1390 1831 1546 1876 voluit
1565 1844 1613 1877 et

193 1898 380 1954 civilis,
418 1899 646 1944 retulerat
679 1898 868 1944 Esaiam
898 1917 1011 1945 cum
1042 1898 1172 1958 aliis,
1208 1898 1273 1943 ob
1303 1898 1610 1946 commissum

197 1965 493 2016 adulterium
522 1965 573 2010 in
617 1965 842 2011 Rufinam
877 1965 1103 2027 detentis,
1154 1965 1443 2012 Blarcellum
1468 1968 1613 2014 mari«

198 2051 303 2084 tum
326 2035 428 2082 eius
451 2052 506 2081 ex
529 2046 698 2096 agente
717 2032 767 2078 in
792 2033 935 2078 rebus
951 2070 963 2092 ‚
999 2050 1136 2081 reum
1157 2032 1444 2081 imminutae
1464 2036 1614 2082 maie-

199 2105 330 2153 statis
351 2103 540 2150 deferre
558 2101 744 2148 conatis
762 2118 771 2146 ε
811 2100 1025 2165 ideoque
1045 2115 1099 2148 ut
1119 2115 1375 2149 cunctator
1395 2118 1613 2152 contem-a

201 2189 338 2238 ptus,
383 2186 431 2219 et
462 2170 525 2217 ad
551 2170 672 2218 haec
695 2170 886 2217 fortiter
914 2169 1219 2234 exsequenda
1241 2188 1414 2233 parum
1433 2190 1614 2221 conve-

128 2245 187 2299 45
204 2243 367 2302 niens,
409 2258 434 2288 e
462 2239 641 2287 vicaria
669 2238 898 2303 potestate
932 2238 1155 2290 discessit.
1237 2240 1369 2287 Huic
1396 2240 1614 2290 successit

199 2309 486 2358 Emonenfis
523 2307 807 2372 Simplicius
824 2344 836 2368 ‚
898 2308 1152 2355 Maximini
1205 2307 1504 2357 confiliarius
1555 2329 1612 2358 ex

201 2379 539 2444 grammatico,
570 2377 676 2442 post
694 2375 1071 2424 administratam
1093 2395 1182 2424 nec
1207 2391 1394 2425 erectus
1425 2397 1514 2426 nec
1539 2393 1614 2426 tu-

201 2449 391 2506 midus,
419 2446 500 2495 sed
527 2447 733 2511 obliquo
756 2444 987 2510 adspectu
1007 2445 1264 2494 terribilis:
1305 2447 1390 2510 qui
1411 2465 1614 2511 compo-

201 2517 299 2565 Iitis
319 2517 380 2566 ad
400 2515 684 2563 modestiam
706 2516 865 2562 verbis
886 2516 1056 2563 acerba
1074 2514 1398 2562 meditabatur
1418 2517 1467 2562 in
1491 2517 1612 2563 niul-

204 2600 295 2633 tos.
377 2585 439 2633 Et
473 2583 634 2649 primo
666 2583 892 2632 Rufinam
920 2603 1029 2632 cum
1066 2584 1297 2631 nniverlis
1327 2585 1611 2633 auctoribus

203 2654 428 2702 adulterii
455 2651 690 2702 commiffi
713 2655 789 2700 vel
814 2653 1018 2701 consciis
1043 2653 1308 2714 interfecit,
1340 2653 1483 2718 snper
1508 2655 1615 2719 qui·

206 2724 294 2769 lius
329 2721 603 2770 Urlicinum
636 2723 844 2771 retuliffe
875 2722 1234 2786 praediximus:
1279 2723 1398 2770 alios
1432 2722 1611 2770 deinde
