1727 3144
563 178 956 213 nstramus.
1027 167 1144 214 562.
1423 173 1518 232 395

108 289 460 352 credebantur,
495 291 791 339 ornamentis
813 289 1071 338 illustrium
1107 291 1369 355 gloriarum
1400 294 1519 343 insc-

110 377 214 407 rere
236 359 453 407 Parthici
475 375 856 423 cognomentum
878 359 1094 407 ardebat.

209 429 349 485 Quae
370 430 589 476 maximis
611 430 826 477 molibus
847 429 1058 488 festinari
1079 442 1332 476 cernentes
1360 429 1519 476 obtre-
1535 428 1562 470 3

109 509 319 545 emtores
339 497 531 546 delides
549 512 597 546 et
627 498 854 563 maligni,
874 494 1037 545 ‘unius
1071 496 1293 561 corporis
1326 513 1517 561 permu-

109 567 296 615 tatione
324 580 397 614 tot
426 567 546 615 cieri
581 568 747 615 turbas
775 567 1134 632 intempestivas
1174 564 1432 630 indignum
1471 580 1517 612 ct

107 634 438 702 perniciosum
459 636 550 684 effe
579 635 879 700 strepebant,
923 634 1136 683 studium
1168 652 1313 683 omne
1342 635 1394 681 in
1427 632 1517 681 dis-

105 700 311 751 leiendo
335 705 593 768 procinctu
610 718 874 768 ponentes:
908 718 955 750 et
977 703 1265 752 dictitabant
1285 703 1362 751 his
1386 720 1519 767 prae-

103 771 348 830 sentibus,
379 790 501 837 quos
523 771 685 818 audita
705 772 884 820 referre
914 770 974 819 ad
1002 772 1358 838 Imperatoiem
1385 771 1519 837 poll'e

102 841 358 900 rebantur,
403 859 539 901 eum,
582 841 634 887 ni
663 839 876 888 sedatius
909 855 1097 906 ageret,
1141 839 1411 888 immodica
1446 859 1518 888 re-

102 927 212 956 rum
247 909 573 957 Ιθοιιιιάειιιιῐη
611 909 958 976 prosperitate,
1039 911 1172 958 velut
1218 910 1516 958 luxuriantes

100 977 322 1025 ubertate
355 978 506 1025 nimia
537 979 729 1043 fruges,
776 979 920 1027 boni-s
953 978 1048 1026 suis
1082 980 1305 1044 protinus
1325 977 1518 1026 occasu-

102 1065 229 1095 rum.
302 1047 365 1094 Et
395 1047 516 1095 haec
556 1048 644 1094 diu
673 1048 982 1112 multumque
1022 1049 1280 1112 agitantes,
1342 1045 1563 1100 frustras}

100 1116 261 1163 virum
279 1116 712 1164 circumlatrabant
740 1117 1047 1164 immobilem
1082 1117 1282 1164 occultis
1307 1116 1516 1177 iniuriis,

100 1199 156 1232 ut
180 1184 408 1251 Pygmaei
441 1187 520 1234 vel
550 1185 853 1234 Thiodamas
885 1184 1077 1250 agrestis
1115 1186 1269 1233 homo
1307 1184 1515 1233 Lindius

100 1252 384 1301 Herculem.
458 1254 548 1303 Ille
571 1269 760 1316 tamen,
796 1267 849 1301 ut
868 1255 1064 1301 maioris
1087 1269 1278 1318 praeter
1298 1267 1515 1301 caeteros
1533 1256 1562 1301 5

98 1321 321 1386 spiritus,
369 1322 527 1371 nihilo
559 1324 739 1371 lentius
767 1323 1156 1388 magnitudinem
1186 1322 1516 1389 expeditionis

100 1390 266 1438 fecum
327 1406 690 1454 commentans,
767 1392 819 1439 in
884 1390 1233 1456 praeparandis,
1287 1391 1516 1456 congruis

103 1478 303 1524 operam
333 1461 537 1507 navabat
558 1461 765 1508 enixam.

198 1528 477 1576 Hostiarum
505 1543 668 1576 tamen
699 1528 930 1594 sanguine
960 1529 1176 1594 plurimo
1208 1548 1312 1576 aras
1338 1527 1518 1576 crebri·
1535 1535 1562 1576 6

104 1611 201 1645 tate
233 1598 382 1644 nimia
414 1598 764 1661 perfundebat,
837 1611 1003 1644 tauros
1044 1597 1302 1661 aliquoties
1344 1597 1520 1644 immo-

102 1667 251 1714 lando
282 1680 540 1726 centenos,
589 1680 636 1714 et
668 1666 953 1712 innumeros
976 1665 1097 1712 varii
1120 1666 1310 1742 pecoris
1333 1683 1518 1728 greges,

103 1738 138 1800 ¹)
161 1752 367 1800 avesque
386 1733 618 1782 candidas
640 1748 769 1782 terra
798 1733 1032 1797 quaefitas
1057 1747 1105 1781 et
1124 1733 1272 1780 mari:
1310 1733 1434 1781 adeo
1465 1748 1520 1781 ut

102 1804 261 1852 indies
293 1821 444 1880 paene
476 1803 690 1868 singulos
721 1804 903 1851 milites
933 1802 1091 1851 carnis
1125 1801 1409 1850 dlstentiore
1451 1802 1519 1849 fa-

102 1892 212 1938 gina
230 1873 503 1920 xictitantes
524 1872 783 1934 incultius,
822 1886 1065 1949 potusque
1088 1870 1320 1920 aviditate
1352 1889 1518 1918 corru-

103 1943 204 2007 pti,
235 1941 453 1989 humeris
476 1941 691 2006 impoliti
713 1941 1096 2002 tianseuntium,
1126 1958 1213 2005 per
1245 1941 1428 2005 plateas
1461 1958 1517 1987 ex

103 2010 316 2076 publicis
355 2009 584 2070 aedibus,
636 2011 726 2057 ubi
766 2009 1075 2057 vindicandis
1124 2009 1314 2074 potius,
1373 2028 1517 2074 quam

101 2078 435 2128 concedendis
453 2079 691 2128 conviviis
719 2078 1067 2143 indulgebant,
1102 2077 1165 2125 ad
1194 2077 1276 2125 sua
1309 2077 1519 2124 diverso-

103 2149 174 2197 ria
193 2161 530 2212 portarentur:
600 2147 879 2196 Petulantes
911 2162 1022 2195 ante
1053 2165 1222 2194 omnes
1257 2161 1303 2194 et
1337 2147 1517 2206 Celtae,

106 2234 319 2281 quorum
340 2234 395 2264 ea
414 2217 697 2282 tempestate
719 2214 1018 2264 confidentia
1034 2231 1251 2264 creverat
1273 2216 1397 2261 ultra
1418 2231 1522 2261 mo-

108 2285 244 2333 dum·
314 2283 634 2349 Augebantur
654 2300 816 2334 autem
837 2285 1245 2333 caerimoniarum
1280 2283 1398 2329 ritus
1431 2283 1521 2329 irn-
1538 2294 1565 2336 Τ

104 2354 332 2416 modice,
370 2371 486 2402 cum
513 2353 842 2419 impensarum
876 2352 1198 2419 amplitudine
1220 2351 1426 2399 antehac
1449 2351 1521 2397 in-

104 2422 278 2472 usitata
302 2428 349 2471 et
369 2422 503 2487 gravi
523 2441 534 2470 ·.
567 2437 614 2471 et
635 2423 863 2488 quisque,
896 2442 1009 2471 cum
1030 2419 1383 2485 impraepedite
1407 2419 1519 2467 lice-

108 2506 212 2553 ret,
248 2491 501 2540 scientiam
527 2490 822 2540 vaticinandi
850 2489 1112 2555 ‘profess'uQ
1166 2490 1297 2535 iuxta
1323 2488 1518 2552 imperi-

110 2574 186 2608 tus
218 2575 265 2608 et
306 2560 507 2622 docilis,
552 2561 653 2609 line
680 2563 780 2609 sine
813 2562 889 2608 vel
921 2558 1212 2623 praestitutis
1246 2556 1517 2614 ordinibus,

111 2631 423 2678 oraculorum
459 2630 864 2695 permittebantur
896 2627 1057 2676 scitari
1085 2625 1336 2691 responsa,
1371 2640 1418 2675 et
1445 2644 1519 2674 ex-

163 2797 194 2837 r)
231 2789 300 2826 ΜΓ.
327 2805 493 2841 avesque.
