1727 3144
501 84 1054 161 ΡΞΑΕῈΑΤῙΟ.
1372 101 1543 167 xxm*

88 257 243 292 xxvm
265 257 369 304 cap.
397 241 425 287 5
450 238 490 302 ᾗ.
514 241 560 286 4.
629 237 694 286 Et
716 237 853 302 quod
872 237 1004 287 libro
1024 255 1149 287 xxm
1182 257 1289 305 cap.
1324 245 1354 289 5
1381 241 1501 292 'scri-

86 312 163 359 bit
188 309 478 357 Ammianus
518 310 581 356 Ut
591 309 811 369 ficadere
839 309 973 356 nobis
996 309 1183 357 laboret
1201 327 1496 359 monumen-

83 389 247 428 torum
275 388 493 427 veteram
509 378 668 439 fides,
714 395 770 426 ex
807 378 956 426 Floro
978 378 1188 443 petitum
1214 378 1306 427 eII'e
1333 378 1497 428 obser-

28 442 31 446 *
83 448 216 497 vavit
245 448 431 512 primus
463 448 718 494 Gruterus.
796 446 958 494 Etiam
993 447 1125 497 libro
1146 464 1241 497 xxv
1262 466 1370 513 cap.
1396 453 1426 497 4
1448 450 1491 513 §.

83 533 165 566 20.
204 520 275 567 Ni
311 518 584 580 tranngffimt
609 518 682 564 acl
707 519 964 563 numinum
993 519 1197 575 cultam,
1229 516 1342 565 sane
1373 518 1410 567 F
1414 537 1495 575 au-

79 586 273 635 chetius
293 586 614 633 Gruterianus
635 585 848 634 coniecit
869 604 926 634 ex
952 585 1276 635 Theodoreto
1305 588 1392 634 lib.
1428 605 1488 636 111

79 674 187 720 cap.
214 658 243 703 6
262 674 272 702 ;
306 669 353 703 et
373 654 510 720 quod
527 654 715 702 ibidem
736 654 776 718 §-
799 671 882 702 22.
904 656 1083 720 legitur
1101 654 1165 703 ad
1185 658 1487 720 vocesfigu—

78 743 140 771 ra
164 727 449 788 talistz‘uque
472 725 830 782 membrorum,
862 742 1008 773 omne
1032 724 1098 776 est
1119 725 1336 774 Gruteri.
1408 727 1487 775 Il-

20 830 21 834 ,
75 793 165 841 lud
195 793 490 842 veriffimum
521 794 571 841 in
602 794 731 841 libro
758 811 875 843 xxxr
902 813 1006 859 cap.
1044 811 1070 841 2
1097 793 1138 858 ᾗ.
1168 811 1241 841 11.
1281 798 1355 843 acl
1370 813 1487 843 om·-

22 915 28 925 ,
74 880 188 910 nem
218 881 401 910 auram
432 866 684 911 incidentis
693 865 810 928 spel
837 881 993 912 novae
1010 881 1261 927 perquam
1291 865 1487 915 mobiles

73 949 177 980 non
205 933 271 980 est
301 932 562 980 nifi'unius
592 932 810 980 Gruteri.
889 938 1049 982 Immo
1081 932 1206 981 illud
1244 932 1486 982 Hadriani

23 1006 26 1012 '
73 1019 184 1049 cam
203 1020 368 1065 prope
396 1005 447 1048 itz
476 1005 585 1050 acie
600 1005 800 1064 fiarent
825 1002 956 1050 libro
986 1019 1106 1051 xxvi
1135 1021 1242 1068 cap.
1285 1021 1314 1065 9
1349 1003 1389 1066 ᾗ.
1432 1005 1480 1050 5.

37 1103 40 1107 -
72 1071 345 1135 publicavit
367 1089 422 1118 ex
441 1071 570 1119 libro
597 1071 850 1119 Fauchetii
875 1073 1133 1121 Gruterus.
1204 1072 1307 1121 Sed
1339 1086 1386 1120 et
1419 1072 1484 1119 al-

0 1192 2 1194 ,
74 1153 232 1200 terum
263 1139 483 1188 eiusdem
517 1139 627 1189 eod.
657 1141 769 1188 libr.
808 1160 914 1206 cap.
948 1145 977 1189 6
1010 1140 1050 1206 ᾗ.
1088 1159 1162 1203 17.
1195 1155 1250 1188 ut
1282 1141 1333 1188 in
1363 1140 1482 1189 Am-

69 1208 237 1256 miano
287 1209 562 1257 restituatur
620 1213 871 1259 redivivas
927 1212 1123 1259 nebulas
1181 1212 1482 1267 debitorum,

70 1275 359 1340 fignfficavit
391 1292 529 1326 tan-to
571 1293 797 1342 tempore
840 1295 951 1327 ante
991 1280 1160 1327 Franc.
1196 1280 1391 1325 Iuretus
1429 1277 1481 1326 in

70 1344 395 1393 Miscellaneis
424 1346 487 1392 ad
516 1348 868 1410 Symmachum
901 1348 988 1394 lib.
1011 1364 1030 1393 1
1057 1346 1191 1412 epist.
1213 1349 1304 1409 26,
1337 1360 1386 1395 et
1420 1364 1479 1396 ex

72 1431 132 1463 eo
152 1414 342 1461 notavit
362 1431 561 1478 quoque
583 1415 839 1461 Gruterus.

172 1482 350 1547 Neque
384 1482 571 1530 idcirco
602 1483 911 1529 imminuitur
940 1481 1075 1544 apud
1103 1501 1207 1544 me,
1247 1496 1331 1531 aut
1354 1478 1478 1532 haec

67 1552 279 1615 colligo,
323 1565 379 1598 ut
411 1551 730 1598 imminuatur
767 1549 900 1614 apud
935 1550 1057 1596 alios
1096 1552 1253 1614 gloria
1293 1552 1478 1600 laboris

4 1635 8 1642 ’
67 1620 242 1680 huius,
283 1637 382 1684 quo
407 1619 653 1667 Hemicus
689 1618 937 1679 Valefius,
985 1619 1060 1666 vir
1093 1637 1345 1684 nunquam
1376 1620 1476 1669 fine

67 1688 260 1736 honore
286 1687 641 1748 nominandus,
680 1686 846 1736 divine
875 1687 1194 1735 Ammianum
1223 1689 1473 1753 expolivit.

69 1751 158 1806 Illa
200 1758 424 1822 profecto
461 1756 572 1805 sunt
607 1762 657 1810 ἐκ
698 1754 950 1833 νάρθηκος,
986 1756 1070 1804 illa
1110 1757 1260 1805 cedro
1309 1756 1471 1821 digua.

67 1825 244 1892 Neque
269 1826 416 1874 etiam
436 1827 478 1874 is
500 1826 593 1888 eft,
630 1845 716 1891 qui
736 1827 800 1873 fic
830 1826 891 1874 de
918 1824 1256 1890 Lindebrogio
1286 1824 1472 1875 scribit.

66 1897 168 1944 Vei
170 1914 254 1943 um
273 1910 328 1942 ut
348 1914 410 1943 ne
432 1896 557 1943 bene
578 1895 722 1943 cedat
742 1894 996 1944 Hadriano
1011 1908 1119 1942 tam
1151 1909 1333 1944 temere
1361 1912 1476 1959 pio-

66 1963 300 2013 nuntiaffe
314 2001 327 2025 ‚
358 1964 447 2011 ubi
466 1982 556 2013 nec
581 1963 835 2012 commodi
855 1963 1125 2030 quidquam
1145 1963 1263 2013 inde
1284 1963 1474 2012 orieba-

67 2047 144 2081 tur
154 2069 173 2091 ,
198 2051 288 2080 nec
309 2034 430 2081 alter
451 2047 553 2082 erat
569 2034 789 2081 meritus.
859 2033 1044 2097 Utique
1065 2051 1214 2098 quum
1247 2032 1472 2081 Lutetiae

66 2100 301 2165 versarer,
342 2120 444 2150 non
475 2101 640 2150 audivi
667 2102 974 2149 Hadrianum
1004 2102 1151 2150 talem
1178 2102 1342 2159 fuilse,
1384 2102 1472 2167 qui

65 2171 263 2219 mentiri
289 2188 390 2219 non
413 2170 593 2235 polset3
629 2171 769 2248 quod
798 2171 988 2236 egregie
1018 2171 1157 2217 illum
1191 2169 1470 2235 praestitiffe

67 2258 178 2288 ieor
200 2241 251 2287 in
273 2240 370 2287 vita
393 2240 580 2302 statiis,
611 2240 705 2288 viri
723 2259 804 2288 cei
810 2255 854 2288 te
874 2241 1094 2293 §meamus
1114 2254 1162 2289 et
1191 2238 1252 2288 de
1280 2240 1470 2287 ratione

0 2317 5 2326 '
63 2308 149 2357 sua
188 2307 405 2358 modeste
432 2309 716 2374 cogitantis,
755 2309 1198 2374 ;Ιιιιιη3ι]ὶοι·ἰ5([υθ,
1240 2326 1385 2374 quam
1415 2321 1471 2355 ut

66 2392 176 2426 ante
206 2396 387 2425 annum
420 2379 545 2426 vitae
574 2397 640 2427 Lx
661 2397 812 2426 annos
837 2378 946 2426 suos
966 2396 1064 2425 non
1087 2377 1387 2439 attenderet,
1423 2389 1472 2424 et

68 2448 132 2495 ab
158 2465 266 2495 mea
288 2446 487 2495 demum
509 2447 704 2512 epistola
726 2446 1089 2495 hoodidicerit.

163 2516 355 2577 Hahe5‚
398 2518 578 2576 lector,
620 2516 823 2581 pignora
855 2516 1120 2564 firmiffima
1151 2531 1199 2564 et
1221 2512 1471 2578 experien-

68 2585 164 2636 tiae
184 2583 524 2632 indubitabilis
544 2585 715 2645 fulcia,
746 2584 877 2634 unde
899 2586 959 2634 de
985 2586 1223 2650 postrema
1250 2581 1470 2631 editione

67 2653 303 2702 Parisina
311 2653 527 2702 iudicare
552 2672 726 2719 queas,
774 2673 834 2702 au
860 2673 914 2703 ea
955 2654 1038 2712 fit,
1082 2671 1208 2720 quae
1247 2652 1471 2717 priorum

68 2722 355 2771 editionum
362 2725 493 2772 bona
511 2724 890 2788 complectatur,
921 2722 1187 2773 eaiundem
1205 2739 1321 2771 vero
1341 2719 1471 2770 vitiis
