1727 3144
213 161 466 193 VALENT.
506 162 638 193 VAL.
679 163 754 194 ET
791 162 1081 206 GnATtAN.
1153 152 1269 197 568.
1389 152 1486 212 475

74 270 353 334 complures
391 272 529 319 nullo
570 271 832 319 noxiorum
877 271 1158 321 discrimine
1211 274 1288 320 vel
1325 273 1486 322 inson-

71 338 211 407 tium.
293 340 354 386 In
386 355 590 388 cruento
621 342 751 390 enim
781 340 1045 389 certamine
1073 360 1187 391 cum
1215 341 1483 391 Maximino
1502 350 1560 406 46

71 406 205 453 velut
239 410 519 473 antepilano
550 410 637 458 suo
668 411 997 472 contendens,
1039 410 1262 475 superare
1294 428 1404 458 eum
1433 413 1484 458 in

68 470 379 525 succidendis
415 480 710 527 familiarum
753 480 998 527 nobilium
1040 481 1199 527 nervis
1237 479 1485 528 studebat:

66 542 279 593 Bufirim
320 562 535 596 veterem
575 563 624 597 et
655 549 898 596 Antaeum
935 549 1178 610 imitatus,
1242 562 1288 595 et
1318 547 1489 595 Phala-

70 612 191 690 rim,
249 630 304 664 ut
340 631 506 666 taurus
543 619 589 666 ei
625 618 756 666 solus
787 616 943 666 deess'e
972 618 1219 667 videretur
1249 617 1487 683 Agrigen-

67 694 217 730 tinus.
1368 717 1370 719 v

34 750 37 759 ⁹
167 752 258 800 His
279 753 331 800 in
351 753 484 801 hunc
518 754 724 801 modum
745 772 810 801 -ac
845 754 1024 801 talibus
1050 754 1285 816 actitatis,
1336 755 1485 822 Hesy-
1503 762 1560 817 47

64 818 177 866 chia
208 821 453 885 quaedam-
487 837 708 870 matrona
745 823 810 870 ol)
852 822 1146 870 intentatum
1173 823 1388 884 crimen,
1433 827 1485 871 in

65 886 217 936 domo
238 889 532 954 adparitoris
549 930 562 954 ,
599 892 680 939 cui
700 891 1020 939 custodienda
1044 892 1108 939 est
1127 892 1324 952 tradita,
1361 895 1486 941 mul-

62 970 110 1004 ta
136 958 483 1021 pertimescens
519 976 568 1009 et
600 960 765 1021 saeva,
796 962 957 1008 fulcro
985 961 1186 1025 plumeo
1207 962 1346 1008 vultu
1369 980 1487 1010 con-

61 1039 218 1074 tracto
249 1027 502 1093 incubuit,
555 1044 602 1079 et
631 1026 842 1077 animani
875 1028 1071 1077 occluso
1105 1031 1312 1078 narium.
1336 1030 1486 1096 spira-

59 1110 229 1143 mento
255 1097 443 1144 effudit.

150 1165 460 1213 Adiunctum
498 1167 564 1214 est
603 1165 680 1213 his
720 1165 856 1213 aliud
893 1163 1030 1213 haud
1073 1165 1240 1212 mitius
1283 1167 1557 1232 malum.48

59 1231 330 1281 Eumenius
351 1235 482 1282 enim
507 1248 556 1282 et
572 1234 795 1282 Abienus
816 1236 966 1282 ambo
989 1250 1045 1280 ex
1072 1248 1220 1281 coetu
1255 1236 1483 1300 amplilli-

60 1319 172 1364 mo,
209 1304 429 1350 infamati
457 1302 548 1351 sub
568 1303 840 1351 Maximino
866 1304 918 1350 in
941 1303 978 1350 F
983 1302 1224 1350 auli-mam
1247 1305 1483 1354 feminam

59 1388 162 1417 non
187 1372 468 1434 obscuram,
499 1372 614 1437 ⁴post
634 1372 883 1421 Victorini
912 1372 1130 1432 obitum,
1163 1390 1262 1437 quo
1284 1374 1483 1424 iuvante

59 1441 224 1488 vixere
244 1440 476 1502 securius,
500 1440 747 1505 Simplicii
768 1440 982 1488 adventu
995 1442 1349 1504 perterrefacti,
1379 1461 1481 1491 non

57 1507 195 1557 secus
224 1510 433 1558 volentis
468 1527 640 1574 magna
676 1528 787 1556 cum
821 1510 995 1568 minis,
1040 1507 1102 1555 ad
1137 1508 1318 1558 secreta
1350 1529 1482 1563 rece-

57 1579 254 1642 ptacula
275 1578 324 1625 se
343 1579 674 1626 contulerunt.
730 1578 831 1626 Sed
854 1579 891 1625 F
894 1578 1086 1625 aufiana
1108 1577 1334 1626 damnata
1353 1581 1481 1628 inter
1498 1586 1554 1642 49

57 1665 169 1694 reos
221 1648 408 1711 recepti
464 1648 725 1711 vocatique
773 1647 976 1708 edictiS,
1039 1646 1191 1694 semet
1217 1648 1482 1697 abstrufius

58 1717 409 1764 amandarunt:
446 1733 658 1781 quorum
689 1717 908 1764 Abienus
936 1715 1068 1780 apud
1097 1717 1361 1781 Anepfiam
1394 1717 1481 1766 diu

57 1784 390 1833 delitescebat.
463 1785 566 1833 Sed
586 1798 642 1831 ut
661 1784 818 1832 solent
837 1784 1065 1848 insperati
1083 1784 1218 1832 casus
1251 1786 1482 1850 adgrava-

57 1871 111 1901 re
153 1853 454 1902 miserabiles
488 1852 682 1914 clades,
736 1852 1028 1917 Apaudulus
1073 1857 1273 1902 nomine
1315 1854 1481 1903 servus

57 1922 324 1987 Anepsiae,
393 1924 676 1970 verberatae
721 1922 946 1985 coniugis
998 1921 1171 1970 dolore
1214 1923 1480 1987 perculsus,

56 1993 312 2056 negotium
346 1992 408 2039 ad
440 1992 755 2055 Simplicium
790 1989 965 2037 detulit
995 2005 1141 2038 nocte
1178 1993 1478 2057 progress'us:

57 2060 285 2125 missique
327 2061 632 2125 adparitores
672 2059 916 2107 indicatos
959 2078 983 2107 e
1014 2061 1213 2107 latebris
1239 2063 1479 2108 abstraxe·

59 2143 189 2177 runt.
281 2130 344 2176 Et
409 2130 633 2177 Abienus
688 2129 890 2193 quidem
940 2143 1219 2193 exaggerato
1269 2130 1475 2177 crimine
1493 2142 1553 2187 50

0 2247 3 2255 ,
59 2199 239 2262 stupri,
279 2196 417 2263 quod
447 2197 657 2245 intulisse
697 2196 952 2246 dicebatur
997 2197 1264 2261 Anepfiae,
1316 2213 1477 2246 morte

60 2268 293 2316 multatus
322 2266 401 2314 est.
484 2267 666 2314 Mulier
696 2284 840 2327 vero,
887 2282 942 2314 ut
982 2265 1308 2313 continendae
1349 2268 1478 2315 vitae

59 2336 196 2400 spem
217 2339 411 2384 firmam
442 2334 594 2382 dilato
616 2334 769 2400 poss'et
796 2336 978 2384 habere
1015 2332 1287 2398 supplicio,
1333 2335 1482 2399 adpe-

61 2405 201 2452 titam
225 2405 274 2454 se
295 2405 493 2452 nefariis
511 2405 695 2451 artibus
711 2441 724 2465 ,
755 2406 854 2452 vim
884 2406 933 2452 in
960 2403 1110 2450 domo
1133 2402 1352 2465 Aginatii
1373 2421 1479 2467 per-

62 2475 245 2538 pelsam
263 2473 574 2522 adseveravit.
647 2473 808 2535 Haec,
838 2489 892 2521 ut
930 2472 1053 2537 gesta
1086 2471 1223 2532 sunt,
1263 2474 1476 2534 mugitus
1496 2490 1547 2536 51

66 2543 129 2590 ad
150 2543 429 2609 Principem
452 2543 737 2607 Simplicius
754 2543 945 2591 retulit:
982 2557 1224 2604 agensque
1239 2540 1311 2587 ibi
1327 2540 1480 2588 Maxi-

71 2613 253 2673 minus,
283 2613 484 2660 infestus
506 2613 572 2659 ob
599 2609 816 2674 causam,
851 2628 996 2676 quam
1026 2609 1168 2673 supra
1204 2608 1479 2672 docuimus,

65 2682 318 2741 Aginatio,
366 2681 603 2728 fimultatc
633 2699 729 2727 una
758 2699 872 2728 cum
898 2678 1131 2743 >potestate
1151 2678 1201 2724 in
1228 2678 1384 2726 maius
1405 2697 1482 2727 ac-

66 2749 223 2809 censa,
257 2752 450 2816 [oravit]
471 2749 707 2813 impense,
733 2764 787 2796 ut
808 2747 1153 2797 rescriberetur
1165 2763 1278 2797 eum
1293 2747 1481 2796 occidi:
