1727 3144
200 136 331 178 vm„
368 126 684 178 'GRATIALNL
721 145 795 176 ET
831 145 1090 178 VALENT.
1130 148 1173 177 2.
1248 134 1364 194 577.
1438 135 1532 192 591

129 255 293 303 ritates
314 273 542 319 aggerum
571 255 956 320 prominentium
974 255 1309 321 intempestiva
1338 271 1538 306 conten-

56 379 61 383 *
129 323 247 371 dere
274 324 566 387 pertinacia:
611 325 776 372 multis
815 326 889 390 (ut
917 325 970 372 in
1002 326 1085 372 tali
1107 328 1324 390 negotio)
1345 327 1535 374 variatis

125 391 403 449 sententiis,
447 393 603 441 otioso
637 394 791 442 milite
821 393 1172 443 circumvallari
1211 395 1392 459 placuit
1429 398 1536 444 bar-

126 461 270 509 baros
293 461 454 511 inedia
478 463 700 526 fatigatos
718 500 730 524 ‚
763 462 875 527 quia
901 461 1127 510 locorum
1165 464 1420 527 iniquitate
1455 464 1536 511 de-

125 526 469 580 fendebantur.
540 532 727 580 Verum
748 531 1209 587 cumobstinatione
1238 532 1378 579 fimili
1413 534 1536 580 reni-

126 613 283 647 tentes
319 600 552 647 Germani
583 601 827 664 peritique
861 600 1116 664 regionum
1153 601 1376 665 petissent
1414 602 1536 649 alios

125 683 345 728 montes,
385 669 484 729 his,
519 687 644 733 quos
676 683 784 715 ante
816 668 1119 726 insederant,
1158 669 1378 717 altiores:
1421 689 1536 718 cou-

126 737 289 784 versus
326 738 441 785 illuc
475 755 588 783 cum
628 736 841 783 exercitu
881 735 1181 799 Imperator,
1237 738 1406 785 eadem
1441 758 1536 803 qua

126 819 266 853 antea
286 804 574 852 fortitudine
596 803 787 850 semitas
809 801 1042 851 ducentes
1075 805 1139 851 ad
1167 804 1318 852 ardua
1349 809 1537 871 quaeri-

125 875 275 921 tabat.
360 872 522 928 Quem
575 870 858 919 Lentienses
913 872 1155 919 intentum
1203 873 1382 937 iugulis
1437 875 1534 923 suis

128 942 265 990 omni
285 939 623 1006 perseverandi
642 940 801 987 studio
825 942 1211 1004 contemplantes
1225 979 1238 1002 ,
1274 943 1380 1006 post
1401 944 1537 992 dedi-

125 1011 338 1071 tionem,
379 1028 523 1074 quam
553 1008 874 1073 impetravere
907 1008 1116 1074 supplici
1156 1029 1328 1074 prece,
1376 1014 1535 1063 oblata

124 1083 200 1147 (ut
218 1092 533 1145 praeceptum
555 1078 638 1142 est)
656 1078 906 1125 iuventute
926 1078 1085 1125 valida
1104 1079 1274 1126 nostris
1292 1081 1533 1130 tirociniis

123 1147 490 1215 permiscenda,
544 1146 607 1195 ad
639 1146 868 1212 genitales
904 1161 1052 1195 terras
1096 1148 1283 1196 innoxii
1317 1151 1387 1200 ire
1428 1171 1537 1217 per-

124 1218 250 1266 miffi
271 1217 395 1265 sunt.

1557 537 1609 578 15

1561 898 1610 940 ¹7

227 1287 368 1335 Hanc
390 1286 644 1334 victoriam
666 1301 992 1351 opportunam
1006 1300 1053 1334 et
1064 1285 1376 1349 fructuosam,
1407 1308 1531 1354 quae
1554 1298 1607 1342 18

126 1370 292 1421 gentes
310 1355 565 1404 hebetavit
584 1355 836 1414 occiduas,
863 1355 1142 1421 sempiterni
1167 1357 1379 1404 numinis
1410 1372 1534 1406 nutu

128 1425 416 1486 Gratianus,
447 1425 737 1473 incredibile
761 1424 896 1473 dictu
918 1427 1008 1482 est,
1046 1440 1228 1491 quanto
1254 1445 1364 1474 cum
1401 1427 1535 1491 vigo..

126 1512 180 1543 re
210 1490 394 1542 exserta
421 1494 666 1542 celeritate
697 1493 924 1542 aliorsum
956 1512 1223 1559 properans
1262 1495 1534 1559 expedivit:

126 1563 406 1628 praeclarae
424 1562 604 1611 indolis
632 1562 936 1623 adulescens,
983 1563 1246 1623 facundUS,
1293 1577 1340 1610 et
1367 1563 1537 1613 mode-

127 1646 287 1690 ratus,
324 1646 371 1679 et
396 1630 681 1692 bellicosus,
717 1647 764 1680 et
793 1633 1027 1680 clemens:
1065 1631 1128 1679 ad
1158 1633 1538 1682 aemulationem

123 1701 368 1749 lectorum
402 1700 722 1766 progrediens
756 1700 1070 1766 Principum,
1125 1701 1243 1748 dum
1281 1702 1535 1751 etiamtum

125 1770 306 1834 lanugo
328 1771 460 1834 genis
482 1769 747 1835 inserperet
764 1770 977 1835 speciosa
992 1809 1004 1832 ,
1041 1771 1092 1818 ni
1112 1772 1312 1832 vergens
1333 1771 1382 1816 in
1408 1771 1536 1818 ludi-

125 1839 318 1887 hriosos
335 1854 472 1886 actus
493 1853 689 1901 natura,
724 1840 996 1887 laxantibus
1025 1840 1260 1904 proximis
1293 1838 1444 1886 semet
1473 1839 1537 1887 acl

128 1925 251 1955 vana
278 1907 433 1955 studia
471 1907 681 1957 Caesaris
719 1909 983 1956 Commodi
1018 1906 1352 1964 convertilset,
1417 1909 1533 1956 licet

126 1976 210 2024 hic
231 1977 528 2024 incruentus.
600 1977 670 2023 Ut
690 1979 818 2024 enim
846 1977 953 2038 ille,
995 1977 1108 2041 quia
1139 1976 1377 2038 perimere
1405 1977 1533 2024 iacu-

127 2045 186 2093 lis
206 2045 439 2109 plurimas
457 2046 580 2092 seras
609 2044 853 2109 spectante
881 2044 1192 2092 consueverat
1230 2045 1441 2107 populo,
1486 2060 1533 2093 et

128 2128 325 2161 centum
343 2114 511 2160 leones
528 2113 580 2160 in
606 2114 1000 2178 amphitheatrali
1019 2114 1203 2160 circulo
1227 2111 1363 2158 fimul
1399 2113 1536 2161 emis-

128 2182 206 2231 sos
237 2183 447 2229 telorum
482 2180 614 2229 vario
645 2200 843 2245 genere,
889 2184 1021 2229 nullo
1054 2181 1296 2245 geminato
1331 2182 1531 2231 vulnere

129 2250 496 2311 contruncavit‚
552 2251 679 2297 ultra
726 2251 978 2299 hominem
1019 2250 1296 2297 exsultavit:
1342 2249 1405 2296 ita
1449 2252 1532 2300 hie

132 2337 330 2386 quoque
350 2320 475 2366 intra
497 2317 685 2384 saepta,
727 2338 849 2385 quae
885 2320 1128 2384 adpellant
1156 2318 1353 2378 vivaria,
1397 2318 1534 2383 sagit-

130 2404 288 2436 tarum
321 2387 535 2453 pulsibus
568 2389 750 2436 crebris
780 2388 997 2437 dentatas
1027 2388 1290 2435 conficiens
1330 2388 1531 2436 bestias:

130 2457 394 2507 incidentia
441 2458 591 2504 multa
622 2457 757 2521 parvi
789 2459 998 2505 ducebat
1036 2472 1082 2504 et
1124 2456 1272 2504 seria:
1319 2475 1377 2504 eo
1416 2471 1532 2504 tein-

130 2545 278 2591 pore,
325 2545 423 2591 quo
463 2527 608 2573 etiam
634 2526 670 2573 fi
706 2527 972 2591 Imperium
1004 2526 1194 2573 Marcus
1224 2540 1408 2588 regeret
1433 2526 1534 2573 An-

135 2596 357 2656 toninus,
395 2613 534 2658 aegre
566 2596 662 2642 linc
694 2596 891 2660 collegis
922 2595 1154 2642 similibus
1186 2609 1231 2640 et
1263 2613 1429 2655 magna
1465 2595 1532 2640 so-

133 2665 339 2712 brietate
383 2664 695 2712 conliliorum
728 2665 879 2712 lenire.
914 2666 1158 2712 luctuosos
1199 2663 1267 2710 ici
1309 2664 1532 2727 publime

134 2747 326 2798 poterat
347 2732 495 2780 casus.

1557 2003 1606 2043 ιο
