1727 3144
189 167 446 199 VALENT·
498 170 630 202 VAL.
669 172 745 201 ET
779 170 1075 202 GRATIAN.
1150 161 1264 221 574.
1395 169 1491 214 545

76 274 274 325 dicendi
298 278 518 342 pluribus
546 279 852 326 eminebant:
889 294 941 327 ut
977 279 1357 348 Demosthenes,
1391 307 1489 353 quo

75 345 268 393 dicturo
309 348 569 395 concursus
605 348 836 396 audiendi
867 349 1006 396 causa
1043 369 1098 398 ex
1143 366 1240 398 tota
1285 355 1490 406 Graecia

69 415 178 461 fieri
204 413 395 477 solitOS,
429 418 756 464 monumentis
781 418 958 465 Atticis
978 420 1283 468 continetur:
1317 437 1364 470 et
1385 427 1490 472 Cal-

68 483 304 544 listratus,
340 503 484 549 quem
508 487 722 533 nobilem
756 486 885 533 illam
919 487 1061 552 super
1092 489 1266 554 Oropo
1297 492 1488 540 causam

69 553 176 614 [qui
210 554 346 599 locus
378 555 425 599 in
461 555 659 602 Euboea
695 555 779 617 est]
821 557 1160 619 percrantem,
1219 558 1348 606 idem
1391 561 1488 609 De-

66 621 342 668 mosthenes
378 624 646 670 Academia
678 641 790 670 cum
822 623 1026 672 Platone
1073 627 1238 673 relicta
1280 627 1484 677 sectatus

68 689 160 735 est:
194 703 247 735 ut
276 691 570 755 Hyperides,
609 705 656 738 et
679 691 973 750 Aeschines,
1008 707 1056 739 et
1085 694 1394 756 Andocides,
1436 712 1482 745 et

64 757 368 817 Dinarchus,
422 774 469 805 et
503 759 761 821 Antiphon
803 758 885 804 ille
929 759 1277 822 Rhaninufius,
1334 783 1482 828 quem

67 828 132 872 ob
154 825 402 872 defensum
438 827 688 888 negotium
721 826 942 872 omnium
971 829 1183 890 primum
1219 832 1479 896 antiquitas

63 892 286 957 prodidit
329 893 560 957 accepisse
603 894 896 941 mercedem.
997 896 1102 943 Nec
1147 899 1306 946 minus
1347 902 1525 965 apudG

63 962 310 1009 Romanos
332 962 526 1023 Rutilii,
562 977 608 1009 et
642 963 852 1023 Galbae,
899 977 946 1010 et
974 963 1169 1025 Scauri,
1213 968 1336 1028 vita,
1374 989 1479 1016 mo-

61 1031 222 1091 ribus,
268 1032 641 1095 frugalitateque
674 1030 896 1094 spectati,
947 1046 993 1079 et
1024 1033 1180 1095 postea
1207 1053 1293 1098 per
1322 1039 1474 1084 varias

61 1100 168 1147 aevi
193 1099 435 1164 sequentis
461 1114 637 1146 aetates
663 1099 895 1160 censorii,
927 1115 975 1148 et
1009 1102 1281 1150 consulares
1316 1107 1475 1167 multi,

63 1182 113 1216 et
132 1168 475 1231 triumphales,
511 1167 655 1216 Crassi
692 1182 737 1215 et
760 1169 992 1228 Antonii,
1027 1184 1074 1216 et
1096 1189 1207 1216 cum
1229 1171 1472 1237 Philippis

61 1237 322 1303 Scaevolae
346 1238 524 1301 aliique
547 1237 812 1298 numerofi,
849 1237 951 1301 post
985 1240 1220 1286 exercitus
1254 1242 1474 1305 prosper-

63 1307 186 1353 rime
208 1306 407 1366 ductos,
447 1306 550 1370 post
570 1307 794 1352 victorias
819 1320 866 1352 et
893 1321 1113 1369 tropaea,
1148 1308 1372 1356 civilibus
1401 1311 1473 1356 sti-

63 1375 358 1439 pendiorum
392 1375 564 1421 officiis
592 1377 882 1422 floruerunt:
930 1376 1211 1439 laureasque
1246 1378 1340 1424 fori
1371 1376 1473 1442 spe-

63 1443 205 1490 ciofis
225 1444 569 1491 certaminibus
593 1458 909 1508 occupantes,
946 1444 1141 1490 summis
1173 1446 1354 1508 gloriae
1384 1447 1472 1494 ho·

64 1513 268 1559 non-ibus
324 1514 623 1560 fruebantur.
652 1555 657 1561 ,
704 1512 815 1559 Post
874 1531 996 1575 quos
1056 1514 1470 1562 excellentissimus
1491 1528 1519 1573 7

65 1581 283 1627 oninium
330 1583 528 1642 Cicero,
582 1582 814 1628 orationis
859 1582 1144 1645 imperiosae
1188 1583 1472 1630 fluminibus

60 1650 204 1712 saepe
227 1650 469 1713 depressos
490 1651 678 1715 aliquos
700 1649 993 1697 iudiciorum
1019 1650 1471 1713 eripiensssammis:

64 1735 161 1766 non
213 1722 409 1779 defendi
449 1722 665 1766 homines
704 1723 818 1778 fine
873 1722 1226 1781 vituperatione
1257 1723 1408 1780 *jer-la
1446 1723 1471 1765 ὲ

53 1790 213 1851 Poste,-
261 1792 558 1853 negligenter
596 1789 798 1849 defendi
822 1794 936 1848 sine
970 1792 1155 1852 scelere
1203 1806 1300 1834 non
1340 1791 1473 1851 posse

66 1858 307 1903 firmabat.

166 1927 233 1971 At
256 1944 381 1972 nunc
406 1924 574 1973 videre
594 1926 659 1975 est
691 1944 775 1991 per
803 1924 932 1972 Eoos
962 1940 1130 1972 omnes
1163 1935 1342 1970 tractus
1371 1925 1472 1972 vio-
1491 1932 1517 1978 8

63 1993 193 2042 lenta
217 2008 264 2041 et
289 1994 577 2057 rapaciffima
600 2013 773 2058 genera
795 1993 1050 2040 hominum
1076 2011 1159 2056 per
1183 1994 1246 2039 fo·
1262 2012 1285 2039 a
1312 1994 1473 2039 onmia

65 2063 403 2120 volitantium,
469 2077 516 2110 et
556 2062 903 2110 subfideutium
954 2060 1126 2109 divites
1167 2062 1363 2119 domus,
1420 2075 1473 2106 ut

67 2131 334 2195 Spartanos
365 2149 506 2178 canes
537 2147 618 2179 aut
649 2133 840 2192 Cretas,
879 2130 1071 2191 vestigia
1103 2128 1312 2191 sagacius
1341 2129 1475 2175 colli·

68 2200 229 2265 gendo
246 2236 258 2260 ,
290 2198 352 2246 ad
373 2201 471 2263 ip'l'a
497 2201 676 2246 cubilia
697 2200 946 2264 pervenire
966 2198 1228 2244 causarum.

169 2269 227 2315 In
257 2268 333 2314 his
362 2268 546 2332 primus
581 2269 644 2315 est
666 2283 833 2316 coetus
859 2285 1050 2325 corum,
1083 2266 1162 2328 qui
1190 2260 1512 2315 seminandos]

70 2336 257 2384 diversa
277 2337 429 2400 iurgia
452 2355 535 2401 per
557 2336 835 2385 vadimonia
858 2336 987 2383 mille
1013 2335 1277 2393 iactantur,
1309 2332 1474 2378 vidua-

69 2405 365 2470 rum'postes
396 2419 442 2452 et
473 2406 705 2453 orborum
747 2406 915 2452 limina
955 2403 1252 2461 deterentes,
1308 2410 1354 2446 et
1392 2413 1472 2446 aut

68 2474 197 2522 inter
219 2474 551 2522 discordantes
570 2475 750 2521 amicos
772 2480 853 2521 aut
878 2471 1255 2537 propinquantes
1287 2469 1361 2515 vel
1395 2468 1476 2514 ad-

69 2545 218 2603 fines,
259 2543 295 2602 fi
321 2542 614 2590 fimultatum
650 2544 775 2590 levia
816 2547 856 2606 ⁴)
888 2539 1115 2588 senserint
1158 2538 1476 2600 receptacula,

76 2610 187 2659 odia
221 2612 452 2660 struentes
492 2612 682 2659 infesta:
735 2613 785 2659 in
823 2611 999 2675 quibus
1036 2607 1200 2655 aetatis
1229 2605 1473 2671 progrcll'u

122 2775 162 2821 4)
186 2773 256 2810 ML
287 2774 377 2811 levia
402 2774 594 2813 senfirinin.

788 2821 841 2869 M
867 2839 911 2868 112
