1727 3144
247 139 346 184 480
437 146 708 182 amittant
749 146 1139 180 mancatum
1179 147 1361 192 xxmn,
1396 134 1441 179 5.
1475 137 1524 181 43

249 260 499 327 paullatim
522 259 772 325 prolapsos
793 259 844 305 in
866 257 983 305 vitia
1011 274 1037 303 a
1066 255 1353 304 stationibus
1380 255 1477 306 suis
1503 275 1662 307 remo-

246 331 338 380 vit:
375 345 540 395 aperte
576 329 857 388 convictos,
901 328 940 391 ⁷)
961 339 1271 389 acceptarum
1306 326 1687 391 proruiss'arum-¹

246 417 342 465 que
377 397 714 463 magnitudine
758 394 1049 462 praedarum
1092 395 1318 456 allectos,
1367 414 1491 461 quae
1527 386 1687 462 apud.¹

245 488 334 517 nos
381 470 668 533 agebantur,
742 466 1037 531 aliquotiens
1100 464 1321 512 barbaris
1375 464 1658 529 prodidiffe.
1726 467 1727 471 ’

245 538 306 587 Id
339 538 469 586 enim
497 536 592 583 illis
624 549 725 583 erat
760 534 1003 594 officium,
1046 547 1102 580 ut
1134 534 1263 580 ultro
1304 534 1530 600 citroque
1572 552 1662 598 per

245 609 389 671 longa
418 605 567 670 spatia
600 605 956 662 discurrentes,
999 602 1270 650 vicinarum
1299 603 1517 667 gentium
1549 604 1661 652 stre-

245 678 376 743 pitus
400 675 573 722 nostris
597 674 805 722 ducibus
831 673 1126 719 intimarent.

196 752 224 793 9
348 747 421 793 Ita
442 743 776 808 spectatissime
800 741 1056 789 antedictis
1090 741 1235 788 rebus
1266 740 1471 806 aliisque
1504 740 1664 788 admi-

243 813 450 863 nistratis
471 813 724 872 fimilibus‚
762 811 825 859 ad
849 810 1137 858 comitatum
1163 810 1359 870 accitus,
1394 810 1664 874 tripudian-

242 900 413 948 tesque
448 883 726 944 relinquens
768 879 1066 943 pi*ovincia8‚
1113 891 1167 923 ut
1209 878 1383 924 Furius
1427 879 1660 927 Camillus

240 955 318 1003 vel
344 950 524 1012 Cursor
548 950 797 1012 PapiriuS,
830 947 1047 993 victoriis
1074 945 1258 991 crebris
1291 960 1339 992 et
1371 945 1660 995 salutaribus

240 1036 343 1072 erat
376 1018 588 1080 infignis.
670 1016 732 1062 Et
765 1015 930 1061 favore
973 1013 1194 1060 omnium
1231 1012 1449 1079 adusque
1479 1016 1661 1064 fretum

243 1090 509 1146 deductus,
547 1085 645 1131 leni
669 1098 812 1131 vento
837 1080 1169 1145 transgressiis‚
1202 1082 1339 1128 venit
1363 1082 1427 1129 ad
1455 1085 1660 1132 commi-

237 1160 402 1208 litium
435 1154 704 1219 Principis:
744 1169 956 1215 cumque
989 1149 1167 1214 gaudio
1205 1149 1455 1215 susceptus
1480 1168 1529 1201 et
1560 1155 1661 1202 lau-

242 1229 405 1287 dibus,
441 1226 494 1271 in
514 1225 679 1271 locum
702 1221 923 1278 Valentis
949 1219 1111 1268 Iovini
1134 1219 1367 1282 succellit,
1405 1222 1490 1287 qui
1510 1240 1659 1289 equo-

245 1317 355 1346 rum
377 1295 544 1359 copias
567 1293 810 1339 tuebatur.

204 1384 222 1411 1
346 1365 437 1414 IV.
481 1364 577 1410 Diu
597 1362 905 1425 multumque
926 1377 951 1405 a
975 1357 1182 1421 negotiis
1203 1359 1239 1424 x)
1264 1357 1497 1422 digressus
1515 1359 1659 1407 urba-

242 1436 317 1485 nis
330 1472 346 1494 ,
380 1434 605 1497 adigente
630 1431 830 1478 cumulo
852 1428 972 1475 foris
993 1427 1259 1492 gestorum,
1296 1427 1360 1474 ad
1381 1446 1436 1475 ea
1454 1427 1660 1476 strictim

242 1501 548 1570 exsequenda
579 1500 850 1564 regrediar,
900 1496 1094 1545 exorsus
1133 1497 1192 1543 ab
1234 1497 1431 1560 Olybrii
1472 1498 1661 1561 praefe-

242 1589 379 1622 ctura
403 1570 664 1635 tranquilla
688 1568 830 1615 nimis
850 1581 898 1615 et
927 1566 1051 1613 leni:
1088 1566 1173 1630 qui
1196 1584 1463 1629 numquam
1488 1567 1549 1612 ab
1569 1566 1658 1614 hu-

241 1641 484 1691 manitatis
505 1640 627 1686 statu
648 1639 863 1685 deiectus
878 1674 890 1697 ,
922 1634 1158 1682 sollicitus
1181 1648 1280 1682 erat
1303 1649 1349 1681 et
1373 1635 1562 1696 anxius,
1594 1653 1657 1683 ne

243 1713 381 1777 quod
409 1728 615 1775 usquam
644 1709 821 1754 factum
863 1706 964 1753 eius
996 1704 1217 1768 asperum
1246 1704 1546 1751 inveniretur
1577 1718 1660 1752 aut

243 1782 458 1833 dictum:
519 1777 875 1824 calumniarum
916 1773 1178 1822 acerrimus
1219 1770 1503 1833 insectator,
1551 1773 1656 1820 fisci

241 1851 399 1908 lucra,
450 1846 579 1893 unde
616 1859 833 1910 poterat,
885 1841 1270 1899 circumcidens,
1317 1841 1656 1906 iustorumque

245 1918 496 1965 distinctor
520 1929 566 1960 et
592 1915 772 1960 arbiter
798 1914 995 1977 plenus,
1043 1912 1095 1957 in
1124 1910 1351 1958 subiectis
1383 1909 1654 1958 admodum

196 1998 553 2050 2temperatus.
633 1982 732 2028 Sed
763 1981 1084 2026 obnubilabat
1120 1980 1242 2025 haec
1282 1979 1445 2025 omnia
1480 1977 1654 2026 vitium

243 2074 416 2121 parum
437 2050 636 2116 quidem
667 2050 707 2113 Ζ>
728 2066 906 2095 nocens
942 2049 1009 2094 rei
1037 2047 1314 2107 communi,
1357 2045 1441 2093 sed
1472 2046 1523 2092 in
1550 2047 1651 2095 alto

243 2124 410 2185 iudice
442 2117 766 2178 maculosum,
818 2115 952 2181 quod
989 2115 1266 2163 citeriorem
1305 2115 1457 2162 vitam
1496 2132 1653 2180 paene

244 2210 442 2243 omnem
463 2202 738 2252 vergentem
760 2185 808 2232 in
837 2187 1004 2232 luxum
1037 2202 1120 2248 per
1151 2198 1431 2248 argumenta
1462 2183 1653 2233 scenica

245 2276 534 2325 amoresque
570 2268 816 2321 peregerat
847 2273 935 2302 nec
955 2254 1157 2314 vetitos,
1199 2271 1289 2300 nec
1315 2252 1537 2300 incestos.

197 2337 227 2381 3
346 2329 460 2378 Post
486 2329 618 2374 hunc
646 2327 816 2373 urbem
847 2325 968 2372 rexit
996 2321 1278 2387 Ampelius,
1318 2322 1527 2386 cupidus
1546 2319 1649 2386 ipse

244 2417 443 2469 quoque
464 2397 796 2460 voluptatum,
827 2392 1122 2440 Antiochiae
1153 2391 1367 2455 genitus,
1416 2409 1472 2438 ex
1500 2390 1649 2454 magi·

241 2474 338 2522 stro
368 2468 644 2518 officiorum
673 2463 736 2511 ad
763 2460 1162 2528 proconsulatum
1200 2459 1474 2525 geminum,
1511 2458 1649 2506 inde-

1551 2544 1646 2593 que

290 2726 322 2769 7)
351 2722 416 2756 Ms.
450 2730 678 2768 acceptarum
708 2714 1030 2766 promiss'arumque
1056 2712 1305 2761 magnitudine
1332 2725 1553 2762 praecarum.
1610 2715 1641 2756 ι)

240 2772 291 2805 al.
320 2768 501 2816 digxcssus.
555 2769 597 2814 2)
624 2768 739 2813 vulgo
769 2774 929 2801 nocens,
955 2760 1028 2796 sed.
