1727 3144
238 154 336 211 :176
485 164 759 200 Animam
791 170 1190 202 mAchLLnn
1233 171 1420 213 xxvm,
1457 172 1503 202 2.

234 294 393 342 prope
411 277 692 342 ingentibus
723 280 868 341 stilis,
913 281 1144 328 fluctibus
1176 282 1348 329 erectis
1381 281 1421 346 ²)
1442 278 1645 328 confun-

234 344 502 407 debantur,
544 348 831 414 avulsaeque
860 349 909 397 vi
940 350 1142 414 gurgitis
1172 351 1647 416 ³)interru1npeban-

185 411 213 464 4
233 428 330 463 tur.v
409 416 547 464 Vicit
581 432 745 465 tamen
782 418 1100 483 Imperatoris
1139 419 1478 468 vehementior
1513 437 1645 481 cura,

231 498 281 532 et
312 485 548 549 morigeri
577 486 746 534 militis
777 488 943 550 labor,
985 503 1153 536 mento
1184 503 1350 550 tenus,
1392 488 1513 536 dum
1534 504 1648 551 ope-

230 568 447 611 raretur,
492 553 633 619 saepe
667 554 900 604 demersi:
940 557 1236 623 tandemque
1271 576 1374 605 non
1399 557 1498 605 fine
1528 573 1650 620 quo·

234 622 460 669 rumdam
489 623 770 673 discrimine
801 626 952 674 castra
988 621 1296 690 praefidiaria
1338 629 1381 692 ⁴)
1402 625 1650 691 inquietu-

235 689 350 739 dine
371 694 587 756 urgentis
611 694 765 741 amnis
789 710 1036 759 exempta,
1074 709 1206 744 nunc
1225 695 1386 744 valida
1406 695 1532 742 sunt.

182 757 211 802 5
333 761 410 809 Ac
428 762 606 810 talibus
633 765 785 811 laetus
808 763 1145 830 exsultansque
1159 802 1171 826 ,
1199 783 1295 830 pro
1323 765 1438 812 anni
1460 777 1507 811 et
1527 777 1649 810 tem-

230 829 368 893 poris
390 829 515 878 statu
539 831 751 895 dilapsos
771 833 1082 894 conducens,
1114 835 1186 881 rei
1223 834 1452 899 publicae
1479 847 1648 879 curam

231 898 434 960 habuit,
468 914 525 946 ut
543 901 707 947 officio
726 900 971 965 Principis
990 903 1317 966 congruebat.
1399 902 1649 964 Ratusque

229 967 525 1030 aptiffimum
557 968 619 1014 ad
654 968 733 1029 id,
777 969 918 1033 quod
947 969 1276 1031 deliberabat,
1321 968 1647 1034 implendum,

228 1048 358 1081 trans
390 1035 618 1082 Rhenum
650 1036 701 1081 in
729 1051 899 1084 monte
936 1037 1066 1097 Piri,
1098 1039 1184 1103 qui
1209 1039 1487 1086 barbaricus
1509 1039 1648 1085 loeus

230 1103 319 1163 est,
354 1104 717 1153 munimentum
738 1106 977 1153 exstruere
1011 1105 1252 1171 disposuit
1286 1107 1480 1172 raptim.
1560 1103 1649 1152 Ut-

228 1189 324 1236 que
352 1172 578 1220 celeritas
615 1174 838 1221 effectum
875 1175 1063 1238 negotii
1099 1177 1282 1225 faceret
1318 1190 1506 1237 tutum,
1557 1192 1648 1240 per

225 1241 488 1305 Syagrium
506 1255 625 1289 tune
645 1244 919 1305 notarium,
952 1245 1112 1308 postea
1135 1247 1434 1310 praesectum
1457 1258 1505 1292 et
1530 1261 1649 1292 con-

226 1308 407 1372 sulem,
445 1310 707 1358 Aratorem
726 1314 919 1359 monuit
952 1315 1143 1375 ducem,
1174 1329 1254 1376 ut,
1282 1314 1402 1361 dum
1424 1312 1645 1377 undique

181 1376 209 1418 G
229 1379 381 1426 altum
403 1378 517 1427 effet
535 1380 805 1442 silentium,
838 1381 894 1428 id
914 1383 1128 1446 arripere
1155 1398 1429 1431 conaretur.
1469 1382 1648 1439 Trans-

225 1447 284 1495 iit
303 1467 418 1495 cum
437 1449 634 1496 notario
661 1449 782 1511 dux,
815 1464 871 1497 ut
895 1449 1068 1497 i'uffum
1096 1453 1186 1513 est,
1229 1452 1412 1513 statim,
1452 1451 1646 1500 fodere-

224 1512 430 1582 que³per
448 1517 684 1578 militem,
729 1537 877 1582 quem
911 1520 1065 1581 duxit,
1086 1520 1404 1570 fundamenta
1428 1521 1641 1582 exorsus,

224 1586 615 1650 Hermogenem·
643 1585 936 1653 susceperata
962 1587 1307 1638 succefforem:
1369 1589 1644 1654 eodemque

224 1669 413 1719 puncto
438 1654 641 1720 quidam
680 1658 940 1721 optimates
969 1659 1004 1723 ⁵)
1026 1659 1289 1706 Alamanni
1318 1669 1494 1725 venere
1521 1658 1646 1706 obfi-

228 1722 347 1770 dum
369 1734 546 1788 patres,
583 1743 707 1790 quos
727 1727 832 1790 lege
852 1726 1066 1775 foederis
1088 1728 1438 1794 mansuraeque
1461 1727 1644 1775 diutius

181 1799 210 1842 7
230 1792 360 1856 pacis
389 1793 526 1840 haud
556 1793 891 1859 adspernanda
920 1797 1126 1861 pignora
1156 1800 1459 1845 tenebamus.
1542 1798 1644 1854 Qui

228 1860 363 1907 flexis
380 1862 653 1924 poplitibus
673 1862 1011 1928 supplicabant
1024 1903 1037 1927 ,
1066 1885 1127 1914 ne
1146 1867 1356 1914 Romani
1376 1865 1643 1915 securitatis

227 1929 522 1992 improvidi,
556 1949 768 1994 quorum
785 1934 1034 1980 fortunam
1053 1935 1344 1999 sempiterna
1361 1935 1486 1983 fides
1504 1935 1642 1982 caelo

227 1998 511 2061 contiguam
543 1998 685 2060 fecit,
726 2018 877 2064 pravo
908 2000 948 2065 ⁶)
972 2002 1314 2067 deciperentur
1334 2021 1523 2064 errore,
1559 2022 1642 2069 pa-

112 2079 115 2082 ·
179 2067 208 2109 8
229 2065 418 2131 ctisque
439 2066 635 2114 calcatis
656 2085 759 2115 rem
779 2067 1085 2117 adorirentur
1114 2071 1381 2135 indignam.
1452 2074 1642 2121 Verum

225 2135 348 2182 haec
376 2148 425 2182 et
453 2133 626 2182 similia
652 2137 909 2201 loquentes
936 2138 1195 2201 incass'um,
1241 2160 1353 2187 cum
1383 2157 1473 2188 nec
1506 2141 1642 2189 audi-

228 2217 435 2264 rentur,
451 2206 497 2268 '‘')
520 2222 608 2252 nec
631 2205 852 2270 quietum
874 2206 1061 2271 aliquid
1081 2210 1158 2257 vel
1189 2210 1307 2256 mite
1339 2203 1511 2258 referri
1536 2209 1643 2258 sen·

227 2272 402 2334 tirent,
444 2273 663 2321 filiorum
690 2276 865 2335 >flentes
905 2277 1112 2325 exitium
1149 2278 1492 2326 discesserunt:
1542 2279 1641 2326 his-

231 2340 445 2406 demque
465 2341 505 2406 ³³)
529 2343 769 2408 digreffis,
811 2361 867 2392 ex
890 2345 1059 2394 abdito
1080 2348 1219 2394 collis
1242 2348 1513 2412 propinqui
1532 2349 1638 2395 bar-

227 2410 424 2458 baricus
457 2411 682 2476 prosiluit
711 2414 906 2478 globus,
963 2416 1282 2480 optimatibus
1326 2431 1430 2463 tum
1476 2416 1638 2464 danda

229 2479 483 2543 responsa,
512 2495 569 2528 ut
600 2482 809 2548 intelligi
843 2482 1076 2549 dabatur,
1114 2486 1394 2551 opperiens:
1437 2486 1478 2550 9)
1498 2485 1637 2533 ador-

259 2642 317 2692 72)
352 2642 422 2677 Ms.
461 2644 748 2681 conficiebantur.
809 2653 843 2691 3)
871 2648 938 2683 ΜΓ.
972 2650 1111 2684 interan
1139 2650 1230 2685 vice.
1277 2651 1314 2695 4)
1341 2650 1409 2685 ΜΓ.
1436 2652 1636 2688 inrivccun-

229 2686 459 2724 dmerrantis.
521 2693 564 2736 5)
594 2694 702 2740 l'ulg.
729 2692 917 2730 Alemanni
948 2709 1077 2731 venere
1112 2695 1251 2731 obfides
1274 2698 1516 2744 Imperatoris,
1546 2711 1636 2741 quos

228 2732 298 2785 leg.
345 2737 395 2785 ·6)
420 2735 488 2770 Ms.
518 2738 766 2773 deficerentur.
832 2745 868 2788 7)
902 2744 1009 2790 I'ulg.
1040 2742 1249 2777 audirentur
1276 2757 1344 2778 nec
1380 2745 1519 2793 aliquid
1548 2745 1636 2780 inite

231 2782 367 2816 reterri.
420 2786 458 2829 ὃ)
485 2783 552 2821 Ms.
580 2784 789 2833 agrigresfis.
848 2791 886 2835 9)
909 2789 976 2824 ΜΓ,
1006 2789 1151 2825 adortus
1177 2789 1322 2825 multos.
