<?xml version="1.0" encoding="UTF-8"?>
<!DOCTYPE html PUBLIC "-//W3C//DTD XHTML 1.0 Transitional//EN"
    "http://www.w3.org/TR/xhtml1/DTD/xhtml1-transitional.dtd">
<html xmlns="http://www.w3.org/1999/xhtml" xml:lang="en" lang="en">
 <head>
  <title>
</title>
<meta http-equiv="Content-Type" content="text/html;charset=utf-8" />
  <meta name='ocr-system' content='tesseract 3.04.00' />
  <meta name='ocr-capabilities' content='ocr_page ocr_carea ocr_par ocr_line ocrx_word'/>
</head>
<body>
  <div class='ocr_page' id='page_1' title='image "ammianimarcellin01ammiuoft_0199.png"; bbox 0 0 1727 3144; ppageno 0'>
   <div class='ocr_carea' id='block_1_1' title="bbox 259 140 1491 204">
    <p class='ocr_par' dir='ltr' id='par_1_1' title="bbox 259 140 1491 204">
     <span class='ocr_line' id='line_1_1' title="bbox 259 140 1491 204; baseline 0.002 -18"><span class='ocrx_word' id='word_1_1' title='bbox 259 152 689 186; x_wconf 66' lang='lat' dir='ltr'>coxsTANTms</span> <span class='ocrx_word' id='word_1_2' title='bbox 724 153 799 185; x_wconf 82' lang='lat' dir='ltr'>ET</span> <span class='ocrx_word' id='word_1_3' title='bbox 850 152 1100 185; x_wconf 72' lang='lat' dir='ltr'>GALLns.</span> <span class='ocrx_word' id='word_1_4' title='bbox 1171 140 1287 187; x_wconf 80' lang='lat'>554.</span> <span class='ocrx_word' id='word_1_5' title='bbox 1428 142 1491 204; x_wconf 85' lang='lat'>57</span> 
     </span>
    </p>
   </div>
   <div class='ocr_carea' id='block_1_2' title="bbox 0 261 1556 2530">
    <p class='ocr_par' dir='ltr' id='par_1_2' title="bbox 75 261 1556 812">
     <span class='ocr_line' id='line_1_2' title="bbox 86 261 1491 328; baseline 0 -16"><span class='ocrx_word' id='word_1_6' title='bbox 86 263 328 328; x_wconf 83' lang='lat' dir='ltr'>comperit</span> <span class='ocrx_word' id='word_1_7' title='bbox 356 262 583 310; x_wconf 85' lang='lat' dir='ltr'>Thebcas</span> <span class='ocrx_word' id='word_1_8' title='bbox 615 263 832 328; x_wconf 82' lang='lat' dir='ltr'>legiones</span> <span class='ocrx_word' id='word_1_9' title='bbox 861 263 914 310; x_wconf 89' lang='lat' dir='ltr'>in</span> <span class='ocrx_word' id='word_1_10' title='bbox 941 261 1114 311; x_wconf 90' lang='lat' dir='ltr'>vicinis</span> <span class='ocrx_word' id='word_1_11' title='bbox 1148 261 1345 327; x_wconf 83' lang='lat' dir='ltr'>oppidis</span> <span class='ocrx_word' id='word_1_12' title='bbox 1375 263 1491 313; x_wconf 85' lang='lat' dir='ltr'>hie-</span> 
     </span>
     <span class='ocr_line' id='line_1_3' title="bbox 84 330 1491 396; baseline 0 -16"><span class='ocrx_word' id='word_1_13' title='bbox 84 346 296 390; x_wconf 79' lang='lat' dir='ltr'><strong>mantes,</strong></span> <span class='ocrx_word' id='word_1_14' title='bbox 327 330 575 380; x_wconf 82' lang='lat' dir='ltr'>consortes</span> <span class='ocrx_word' id='word_1_15' title='bbox 601 331 712 380; x_wconf 87' lang='lat' dir='ltr'>suos</span> <span class='ocrx_word' id='word_1_16' title='bbox 740 331 912 392; x_wconf 72' lang='lat' dir='ltr'>mifiss&#39;e</span> <span class='ocrx_word' id='word_1_17' title='bbox 946 330 1212 396; x_wconf 84' lang='lat' dir='ltr'>quosdam,</span> <span class='ocrx_word' id='word_1_18' title='bbox 1254 348 1396 394; x_wconf 76' lang='lat' dir='ltr'>eum,</span> <span class='ocrx_word' id='word_1_19' title='bbox 1435 348 1491 382; x_wconf 86' lang='lat' dir='ltr'>ut</span> 
     </span>
     <span class='ocr_line' id='line_1_4' title="bbox 82 400 1488 465; baseline -0.001 -16"><span class='ocrx_word' id='word_1_20' title='bbox 82 415 376 462; x_wconf 74' lang='lat' dir='ltr'>lemaneiet,</span> <span class='ocrx_word' id='word_1_21' title='bbox 432 401 672 465; x_wconf 85' lang='lat' dir='ltr'>promiffis</span> <span class='ocrx_word' id='word_1_22' title='bbox 727 401 841 449; x_wconf 86' lang='lat' dir='ltr'>fidis</span> <span class='ocrx_word' id='word_1_23' title='bbox 885 402 1107 448; x_wconf 74' lang='lat' dir='ltr'>hoitatui</span> <span class='ocrx_word' id='word_1_24' title='bbox 1112 419 1165 448; x_wconf 91' lang='lat' dir='ltr'>os</span> <span class='ocrx_word' id='word_1_25' title='bbox 1218 414 1267 449; x_wconf 85' lang='lat' dir='ltr'>et</span> <span class='ocrx_word' id='word_1_26' title='bbox 1317 400 1488 462; x_wconf 85' lang='lat' dir='ltr'>firmis,</span> 
     </span>
     <span class='ocr_line' id='line_1_5' title="bbox 79 467 1489 535; baseline 0 -17"><span class='ocrx_word' id='word_1_27' title='bbox 79 469 261 518; x_wconf 83' lang='lat' dir='ltr'>fiducia</span> <span class='ocrx_word' id='word_1_28' title='bbox 280 468 354 516; x_wconf 78' lang='lat' dir='ltr'>sui</span> <span class='ocrx_word' id='word_1_29' title='bbox 376 469 570 518; x_wconf 81' lang='lat' dir='ltr'>abunde</span> <span class='ocrx_word' id='word_1_30' title='bbox 596 489 683 535; x_wconf 74' lang='lat' dir='ltr'>pei</span> <span class='ocrx_word' id='word_1_31' title='bbox 703 471 931 518; x_wconf 79' lang='lat' dir='ltr'>stationes</span> <span class='ocrx_word' id='word_1_32' title='bbox 951 470 1100 518; x_wconf 87' lang='lat' dir='ltr'>locati</span> <span class='ocrx_word' id='word_1_33' title='bbox 1118 471 1361 518; x_wconf 88' lang='lat' dir='ltr'>confines.</span> <span class='ocrx_word' id='word_1_34' title='bbox 1403 467 1489 518; x_wconf 85' lang='lat' dir='ltr'>sed</span> 
     </span>
     <span class='ocr_line' id='line_1_6' title="bbox 80 538 1490 604; baseline 0 -18"><span class='ocrx_word' id='word_1_35' title='bbox 80 538 366 587; x_wconf 77' lang='lat' dir='ltr'>obseivante</span> <span class='ocrx_word' id='word_1_36' title='bbox 399 558 514 587; x_wconf 78' lang='lat' dir='ltr'>cuia</span> <span class='ocrx_word' id='word_1_37' title='bbox 563 540 772 604; x_wconf 78' lang='lat' dir='ltr'>)e1v1g1h</span> <span class='ocrx_word' id='word_1_38' title='bbox 804 534 1164 604; x_wconf 76' lang='lat' dir='ltr'>pi&#39;oximorum,</span> <span class='ocrx_word' id='word_1_39' title='bbox 1198 540 1385 586; x_wconf 87' lang='lat' dir='ltr'>nullam</span> <span class='ocrx_word' id='word_1_40' title='bbox 1405 539 1490 587; x_wconf 87' lang='lat' dir='ltr'>vi-</span> 
     </span>
     <span class='ocr_line' id='line_1_7' title="bbox 77 559 1488 673; baseline 0.001 -19"><span class='ocrx_word' id='word_1_41' title='bbox 77 607 228 655; x_wconf 85' lang='lat' dir='ltr'>dendi</span> <span class='ocrx_word' id='word_1_42' title='bbox 256 609 332 656; x_wconf 89' lang='lat' dir='ltr'>vel</span> <span class='ocrx_word' id='word_1_43' title='bbox 353 559 603 669; x_wconf 83' lang='lat' dir='ltr'>audiendi,</span> <span class='ocrx_word' id='word_1_44' title='bbox 632 627 755 673; x_wconf 86' lang='lat' dir='ltr'>quae</span> <span class='ocrx_word' id='word_1_45' title='bbox 775 609 1012 668; x_wconf 87' lang='lat' dir='ltr'>ferebant,</span> <span class='ocrx_word' id='word_1_46' title='bbox 1051 608 1203 656; x_wconf 74' lang='lat' dir='ltr'>furati</span> <span class='ocrx_word' id='word_1_47' title='bbox 1223 608 1386 673; x_wconf 88' lang='lat' dir='ltr'>potuit</span> <span class='ocrx_word' id='word_1_48' title='bbox 1408 608 1488 655; x_wconf 84' lang='lat' dir='ltr'>fa-</span> 
     </span>
     <span class='ocr_line' id='line_1_8' title="bbox 75 676 1556 742; baseline 0.002 -19"><span class='ocrx_word' id='word_1_49' title='bbox 75 677 323 725; x_wconf 76' lang='lat' dir='ltr'><strong>cultatem.</strong></span> <span class='ocrx_word' id='word_1_50' title='bbox 397 676 520 741; x_wconf 86' lang='lat' dir='ltr'>Inde</span> <span class='ocrx_word' id='word_1_51' title='bbox 542 678 646 724; x_wconf 90' lang='lat' dir='ltr'>aliis</span> <span class='ocrx_word' id='word_1_52' title='bbox 680 677 824 742; x_wconf 82' lang='lat' dir='ltr'>super</span> <span class='ocrx_word' id='word_1_53' title='bbox 853 677 968 724; x_wconf 84' lang='lat' dir='ltr'>alias</span> <span class='ocrx_word' id='word_1_54' title='bbox 998 678 1284 742; x_wconf 82' lang='lat' dir='ltr'>urgentibus</span> <span class='ocrx_word' id='word_1_55' title='bbox 1313 676 1487 725; x_wconf 78' lang='lat' dir='ltr'>litteris</span> <span class='ocrx_word' id='word_1_56' title='bbox 1503 685 1556 731; x_wconf 82' lang='lat'>16</span> 
     </span>
     <span class='ocr_line' id='line_1_9' title="bbox 76 745 1489 812; baseline 0.001 -19"><span class='ocrx_word' id='word_1_57' title='bbox 76 745 232 808; x_wconf 85' lang='lat' dir='ltr'>exire,</span> <span class='ocrx_word' id='word_1_58' title='bbox 279 760 326 793; x_wconf 90' lang='lat' dir='ltr'>et</span> <span class='ocrx_word' id='word_1_59' title='bbox 357 745 529 794; x_wconf 82' lang='lat' dir='ltr'>decem</span> <span class='ocrx_word' id='word_1_60' title='bbox 560 746 797 794; x_wconf 87' lang='lat' dir='ltr'>vehiculis</span> <span class='ocrx_word' id='word_1_61' title='bbox 827 746 1066 812; x_wconf 89' lang='lat' dir='ltr'>publicis,</span> <span class='ocrx_word' id='word_1_62' title='bbox 1094 760 1150 794; x_wconf 87' lang='lat' dir='ltr'>ut</span> <span class='ocrx_word' id='word_1_63' title='bbox 1169 760 1489 812; x_wconf 86' lang='lat' dir='ltr'>praeceptum</span> 
     </span>
    </p>

    <p class='ocr_par' dir='ltr' id='par_1_3' title="bbox 60 813 1489 1080">
     <span class='ocr_line' id='line_1_10' title="bbox 60 813 1488 881; baseline 0.001 -20"><span class='ocrx_word' id='word_1_64' title='bbox 60 815 170 871; x_wconf 10' lang='lat' dir='ltr'>rest,</span> <span class='ocrx_word' id='word_1_65' title='bbox 198 813 338 874; x_wconf 84' lang='lat' dir='ltr'>usus,</span> <span class='ocrx_word' id='word_1_66' title='bbox 375 816 546 863; x_wconf 85' lang='lat' dir='ltr'>relicto</span> <span class='ocrx_word' id='word_1_67' title='bbox 567 815 750 879; x_wconf 87' lang='lat' dir='ltr'>palatio</span> <span class='ocrx_word' id='word_1_68' title='bbox 773 816 934 878; x_wconf 84' lang='lat' dir='ltr'>omni,</span> <span class='ocrx_word' id='word_1_69' title='bbox 968 829 1162 880; x_wconf 71' lang='lat' dir='ltr'>piaetet</span> <span class='ocrx_word' id='word_1_70' title='bbox 1183 833 1367 881; x_wconf 88' lang='lat' dir='ltr'>paucos</span> <span class='ocrx_word' id='word_1_71' title='bbox 1389 815 1488 862; x_wconf 84' lang='lat' dir='ltr'>tori</span> 
     </span>
     <span class='ocr_line' id='line_1_11' title="bbox 75 883 1485 951; baseline 0 -20"><span class='ocrx_word' id='word_1_72' title='bbox 75 884 320 931; x_wconf 73' lang='lat' dir='ltr'>ministios</span> <span class='ocrx_word' id='word_1_73' title='bbox 367 898 415 931; x_wconf 86' lang='lat' dir='ltr'>et</span> <span class='ocrx_word' id='word_1_74' title='bbox 457 883 674 945; x_wconf 80' lang='lat' dir='ltr'><strong>mensae,</strong></span> <span class='ocrx_word' id='word_1_75' title='bbox 709 903 833 950; x_wconf 75' lang='lat' dir='ltr'>quos</span> <span class='ocrx_word' id='word_1_76' title='bbox 878 886 937 951; x_wconf 79' lang='lat'>¹0)</span> <span class='ocrx_word' id='word_1_77' title='bbox 983 883 1254 934; x_wconf 85' lang='lat' dir='ltr'>adduxerat</span> <span class='ocrx_word' id='word_1_78' title='bbox 1302 883 1485 946; x_wconf 83' lang='lat' dir='ltr'>secum,</span> 
     </span>
     <span class='ocr_line' id='line_1_12' title="bbox 73 952 1489 1019; baseline 0 -19"><span class='ocrx_word' id='word_1_79' title='bbox 73 952 326 1017; x_wconf 79' lang='lat' dir='ltr'>lqualore</span> <span class='ocrx_word' id='word_1_80' title='bbox 333 967 592 1001; x_wconf 84' lang='lat' dir='ltr'>concretus</span> <span class='ocrx_word' id='word_1_81' title='bbox 625 954 753 1002; x_wconf 88' lang='lat' dir='ltr'>cele1</span> <span class='ocrx_word' id='word_1_82' title='bbox 757 972 836 1002; x_wconf 76' lang='lat' dir='ltr'>‘ue</span> <span class='ocrx_word' id='word_1_83' title='bbox 862 953 1069 1018; x_wconf 75' lang='lat' dir='ltr'>giadum</span> <span class='ocrx_word' id='word_1_84' title='bbox 1098 954 1489 1019; x_wconf 83' lang='lat' dir='ltr'>compellebatur</span> 
     </span>
     <span class='ocr_line' id='line_1_13' title="bbox 72 1021 1487 1084; baseline -0.001 -15"><span class='ocrx_word' id='word_1_85' title='bbox 72 1021 381 1084; x_wconf 67' lang='lat' dir='ltr'>adigentibus</span> <span class='ocrx_word' id='word_1_86' title='bbox 413 1022 577 1070; x_wconf 84' lang='lat' dir='ltr'>multis</span> <span class='ocrx_word' id='word_1_87' title='bbox 588 1059 605 1080; x_wconf 83' lang='lat'>,</span> <span class='ocrx_word' id='word_1_88' title='bbox 646 1023 909 1071; x_wconf 84' lang='lat' dir='ltr'>temeritati</span> <span class='ocrx_word' id='word_1_89' title='bbox 931 1023 1041 1072; x_wconf 84' lang='lat' dir='ltr'>suae</span> <span class='ocrx_word' id='word_1_90' title='bbox 1064 1022 1273 1072; x_wconf 79' lang='lat' dir='ltr'>subinde</span> <span class='ocrx_word' id='word_1_91' title='bbox 1296 1022 1487 1072; x_wconf 88' lang='lat' dir='ltr'>flebili-</span> 
     </span>
    </p>

    <p class='ocr_par' dir='ltr' id='par_1_4' title="bbox 71 1091 1486 1158">
     <span class='ocr_line' id='line_1_14' title="bbox 71 1091 1486 1158; baseline 0.001 -21"><span class='ocrx_word' id='word_1_92' title='bbox 71 1105 144 1138; x_wconf 84' lang='lat' dir='ltr'>ter</span> <span class='ocrx_word' id='word_1_93' title='bbox 165 1091 486 1156; x_wconf 67' lang='lat' dir='ltr'>imprecatus,</span> <span class='ocrx_word' id='word_1_94' title='bbox 518 1093 570 1157; x_wconf 87' lang='lat'>¹¹)</span> <span class='ocrx_word' id='word_1_95' title='bbox 609 1109 734 1157; x_wconf 86' lang='lat' dir='ltr'>quae</span> <span class='ocrx_word' id='word_1_96' title='bbox 761 1110 873 1140; x_wconf 88' lang='lat' dir='ltr'>eum</span> <span class='ocrx_word' id='word_1_97' title='bbox 896 1093 995 1141; x_wconf 88' lang='lat' dir='ltr'>iam</span> <span class='ocrx_word' id='word_1_98' title='bbox 1016 1093 1300 1158; x_wconf 82' lang='lat' dir='ltr'>despectum</span> <span class='ocrx_word' id='word_1_99' title='bbox 1321 1107 1369 1140; x_wconf 87' lang='lat' dir='ltr'>et</span> <span class='ocrx_word' id='word_1_100' title='bbox 1399 1092 1486 1139; x_wconf 88' lang='lat' dir='ltr'>vi-</span> 
     </span>
    </p>

    <p class='ocr_par' dir='ltr' id='par_1_5' title="bbox 6 1159 1552 1296">
     <span class='ocr_line' id='line_1_15' title="bbox 6 1159 1552 1223; baseline 0.001 -17"><span class='ocrx_word' id='word_1_101' title='bbox 6 1217 8 1219; x_wconf 15' lang='lat'>,</span> <span class='ocrx_word' id='word_1_102' title='bbox 69 1161 168 1207; x_wconf 87' lang='lat' dir='ltr'>lem</span> <span class='ocrx_word' id='word_1_103' title='bbox 191 1161 396 1207; x_wconf 87' lang='lat' dir='ltr'>arbitrio</span> <span class='ocrx_word' id='word_1_104' title='bbox 418 1159 703 1208; x_wconf 84' lang='lat' dir='ltr'>subdiderat</span> <span class='ocrx_word' id='word_1_105' title='bbox 722 1161 1023 1210; x_wconf 88' lang='lat' dir='ltr'>infimorum.</span> <span class='ocrx_word' id='word_1_106' title='bbox 1096 1163 1232 1210; x_wconf 83' lang='lat' dir='ltr'>Inter</span> <span class='ocrx_word' id='word_1_107' title='bbox 1253 1162 1376 1209; x_wconf 87' lang='lat' dir='ltr'>haec</span> <span class='ocrx_word' id='word_1_108' title='bbox 1403 1174 1482 1207; x_wconf 84' lang='lat' dir='ltr'>ta—</span> <span class='ocrx_word' id='word_1_109' title='bbox 1499 1178 1552 1223; x_wconf 90' lang='lat'>17</span> 
     </span>
     <span class='ocr_line' id='line_1_16' title="bbox 70 1226 1484 1296; baseline 0 -21"><span class='ocrx_word' id='word_1_110' title='bbox 70 1247 184 1275; x_wconf 83' lang='lat' dir='ltr'>men</span> <span class='ocrx_word' id='word_1_111' title='bbox 214 1247 298 1292; x_wconf 88' lang='lat' dir='ltr'>per</span> <span class='ocrx_word' id='word_1_112' title='bbox 324 1229 547 1276; x_wconf 84' lang='lat' dir='ltr'>inducias</span> <span class='ocrx_word' id='word_1_113' title='bbox 576 1226 775 1279; x_wconf 85' lang='lat' dir='ltr'>naturae</span> <span class='ocrx_word' id='word_1_114' title='bbox 815 1230 1233 1296; x_wconf 79' lang='lat' dir='ltr'>conquiescentis,</span> <span class='ocrx_word' id='word_1_115' title='bbox 1288 1228 1484 1276; x_wconf 88' lang='lat' dir='ltr'>saucia-</span> 
     </span>
    </p>

    <p class='ocr_par' dir='ltr' id='par_1_6' title="bbox 68 1297 1484 1353">
     <span class='ocr_line' id='line_1_17' title="bbox 68 1297 1484 1353; baseline 0.001 -10"><span class='ocrx_word' id='word_1_116' title='bbox 68 1298 248 1353; x_wconf 77' lang='lat' dir='ltr'>bantur</span> <span class='ocrx_word' id='word_1_117' title='bbox 269 1298 371 1344; x_wconf 90' lang='lat' dir='ltr'>eius</span> <span class='ocrx_word' id='word_1_118' title='bbox 393 1297 554 1344; x_wconf 84' lang='lat' dir='ltr'>sensus</span> <span class='ocrx_word' id='word_1_119' title='bbox 577 1299 1070 1346; x_wconf 77' lang='lat' dir='ltr'>circumstridentium</span> <span class='ocrx_word' id='word_1_120' title='bbox 1103 1313 1290 1345; x_wconf 87' lang='lat' dir='ltr'>terrore</span> <span class='ocrx_word' id='word_1_121' title='bbox 1319 1298 1484 1344; x_wconf 82' lang='lat' dir='ltr'>larva-</span> 
     </span>
    </p>

    <p class='ocr_par' dir='ltr' id='par_1_7' title="bbox 0 1365 1548 1637">
     <span class='ocr_line' id='line_1_18' title="bbox 0 1365 1483 1442; baseline 0.001 -30"><span class='ocrx_word' id='word_1_122' title='bbox 0 1371 1 1381; x_wconf 61' lang='lat'><em>*</em></span> <span class='ocrx_word' id='word_1_123' title='bbox 68 1384 203 1413; x_wconf 77' lang='lat' dir='ltr'>ium:</span> <span class='ocrx_word' id='word_1_124' title='bbox 266 1365 740 1442; x_wconf 31' lang='lat' dir='ltr'>inteifetctmumque</span> <span class='ocrx_word' id='word_1_125' title='bbox 796 1381 1045 1427; x_wconf 70' lang='lat' dir='ltr'>catcivae,</span> <span class='ocrx_word' id='word_1_126' title='bbox 1096 1366 1385 1414; x_wconf 87' lang='lat' dir='ltr'>Domitiano</span> <span class='ocrx_word' id='word_1_127' title='bbox 1433 1380 1483 1414; x_wconf 88' lang='lat' dir='ltr'>et</span> 
     </span>
     <span class='ocr_line' id='line_1_19' title="bbox 67 1434 1481 1511; baseline 0.001 -30"><span class='ocrx_word' id='word_1_128' title='bbox 67 1434 265 1482; x_wconf 75' lang='lat' dir='ltr'>Montio</span> <span class='ocrx_word' id='word_1_129' title='bbox 292 1434 530 1499; x_wconf 75' lang='lat' dir='ltr'>piacviiS,</span> <span class='ocrx_word' id='word_1_130' title='bbox 552 1449 836 1511; x_wconf 87' lang='lat' dir='ltr'>correptum</span> <span class='ocrx_word' id='word_1_131' title='bbox 858 1454 994 1495; x_wconf 83' lang='lat' dir='ltr'>eum,</span> <span class='ocrx_word' id='word_1_132' title='bbox 1031 1449 1086 1482; x_wconf 90' lang='lat' dir='ltr'>ut</span> <span class='ocrx_word' id='word_1_133' title='bbox 1107 1435 1439 1482; x_wconf 80' lang='lat' dir='ltr'>existimabat</span> <span class='ocrx_word' id='word_1_134' title='bbox 1427 1453 1481 1482; x_wconf 86' lang='lat' dir='ltr'>m</span> 
     </span>
     <span class='ocr_line' id='line_1_20' title="bbox 65 1497 1548 1568; baseline 0 -17"><span class='ocrx_word' id='word_1_135' title='bbox 65 1503 274 1564; x_wconf 82' lang='lat' dir='ltr'>lomnis,</span> <span class='ocrx_word' id='word_1_136' title='bbox 312 1503 450 1550; x_wconf 89' lang='lat' dir='ltr'>uncis</span> <span class='ocrx_word' id='word_1_137' title='bbox 479 1497 754 1549; x_wconf 82' lang='lat' dir='ltr'>furialibus</span> <span class='ocrx_word' id='word_1_138' title='bbox 766 1504 1097 1550; x_wconf 83' lang='lat' dir='ltr'>obiectabant.</span> <span class='ocrx_word' id='word_1_139' title='bbox 1180 1504 1238 1568; x_wconf 83' lang='lat'>¹²)</span> <span class='ocrx_word' id='word_1_140' title='bbox 1277 1504 1548 1551; x_wconf 80' lang='lat' dir='ltr'>Solutus18</span> 
     </span>
     <span class='ocr_line' id='line_1_21' title="bbox 66 1570 1479 1637; baseline -0.001 -17"><span class='ocrx_word' id='word_1_141' title='bbox 66 1573 198 1620; x_wconf 86' lang='lat' dir='ltr'>enim</span> <span class='ocrx_word' id='word_1_142' title='bbox 219 1571 470 1637; x_wconf 87' lang='lat' dir='ltr'>corporeis</span> <span class='ocrx_word' id='word_1_143' title='bbox 487 1571 692 1617; x_wconf 81' lang='lat' dir='ltr'>nexibus</span> <span class='ocrx_word' id='word_1_144' title='bbox 713 1570 926 1631; x_wconf 87' lang='lat' dir='ltr'>animus,</span> <span class='ocrx_word' id='word_1_145' title='bbox 958 1570 1148 1634; x_wconf 77' lang='lat' dir='ltr'>sempei</span> <span class='ocrx_word' id='word_1_146' title='bbox 1168 1572 1338 1635; x_wconf 83' lang='lat' dir='ltr'>vigens</span> <span class='ocrx_word' id='word_1_147' title='bbox 1359 1590 1479 1619; x_wconf 90' lang='lat' dir='ltr'>mo—</span> 
     </span>
    </p>

    <p class='ocr_par' dir='ltr' id='par_1_8' title="bbox 64 1639 1480 1775">
     <span class='ocr_line' id='line_1_22' title="bbox 64 1639 1479 1703; baseline -0.001 -15"><span class='ocrx_word' id='word_1_148' title='bbox 64 1642 197 1688; x_wconf 81' lang='lat' dir='ltr'>tibus</span> <span class='ocrx_word' id='word_1_149' title='bbox 219 1639 487 1700; x_wconf 85' lang='lat' dir='ltr'>indefessis,</span> <span class='ocrx_word' id='word_1_150' title='bbox 522 1651 568 1686; x_wconf 87' lang='lat' dir='ltr'>et</span> <span class='ocrx_word' id='word_1_151' title='bbox 589 1639 972 1703; x_wconf 83' lang='lat' dir='ltr'>cogitationibus</span> <span class='ocrx_word' id='word_1_152' title='bbox 994 1639 1241 1686; x_wconf 78' lang='lat' dir='ltr'>subiectus</span> <span class='ocrx_word' id='word_1_153' title='bbox 1262 1654 1311 1686; x_wconf 87' lang='lat' dir='ltr'>et</span> <span class='ocrx_word' id='word_1_154' title='bbox 1331 1641 1479 1702; x_wconf 78' lang='lat' dir='ltr'>culis,</span> 
     </span>
     <span class='ocr_line' id='line_1_23' title="bbox 66 1706 1480 1775; baseline 0.001 -19"><span class='ocrx_word' id='word_1_155' title='bbox 66 1727 191 1775; x_wconf 83' lang='lat' dir='ltr'>quae</span> <span class='ocrx_word' id='word_1_156' title='bbox 213 1709 496 1758; x_wconf 88' lang='lat' dir='ltr'>mortalium</span> <span class='ocrx_word' id='word_1_157' title='bbox 515 1706 778 1754; x_wconf 80' lang='lat' dir='ltr'>sollicitant</span> <span class='ocrx_word' id='word_1_158' title='bbox 797 1722 1007 1769; x_wconf 89' lang='lat' dir='ltr'>mentes,</span> <span class='ocrx_word' id='word_1_159' title='bbox 1043 1707 1233 1773; x_wconf 84' lang='lat' dir='ltr'>colligit</span> <span class='ocrx_word' id='word_1_160' title='bbox 1252 1706 1350 1757; x_wconf 82' lang='lat' dir='ltr'>visa</span> <span class='ocrx_word' id='word_1_161' title='bbox 1376 1727 1480 1757; x_wconf 82' lang='lat' dir='ltr'>no-</span> 
     </span>
    </p>

    <p class='ocr_par' dir='ltr' id='par_1_9' title="bbox 63 1776 1545 1909">
     <span class='ocr_line' id='line_1_24' title="bbox 63 1776 1157 1843; baseline -0.001 -17"><span class='ocrx_word' id='word_1_162' title='bbox 63 1793 258 1840; x_wconf 81' lang='lat' dir='ltr'>cturna,</span> <span class='ocrx_word' id='word_1_163' title='bbox 291 1795 410 1843; x_wconf 89' lang='lat' dir='ltr'>quas</span> <span class='ocrx_word' id='word_1_164' title='bbox 433 1776 705 1842; x_wconf 83' lang='lat' dir='ltr'>phantalias</span> <span class='ocrx_word' id='word_1_165' title='bbox 725 1794 816 1824; x_wconf 90' lang='lat' dir='ltr'>nos</span> <span class='ocrx_word' id='word_1_166' title='bbox 839 1776 1157 1842; x_wconf 85' lang='lat' dir='ltr'>adpellamus</span> 
     </span>
     <span class='ocr_line' id='line_1_25' title="bbox 163 1845 1545 1909; baseline -0.004 -14"><span class='ocrx_word' id='word_1_167' title='bbox 163 1846 417 1896; x_wconf 84' lang='lat' dir='ltr'>Pandente</span> <span class='ocrx_word' id='word_1_168' title='bbox 445 1846 611 1909; x_wconf 86' lang='lat' dir='ltr'>itaque</span> <span class='ocrx_word' id='word_1_169' title='bbox 644 1846 772 1893; x_wconf 88' lang='lat' dir='ltr'>viam</span> <span class='ocrx_word' id='word_1_170' title='bbox 801 1846 1016 1893; x_wconf 76' lang='lat' dir='ltr'>fatoium</span> <span class='ocrx_word' id='word_1_171' title='bbox 1041 1845 1170 1893; x_wconf 79' lang='lat' dir='ltr'>soite</span> <span class='ocrx_word' id='word_1_172' title='bbox 1203 1845 1476 1908; x_wconf 79' lang='lat' dir='ltr'>tristissima,</span> <span class='ocrx_word' id='word_1_173' title='bbox 1495 1864 1545 1906; x_wconf 84' lang='lat'>19</span> 
     </span>
    </p>

    <p class='ocr_par' dir='ltr' id='par_1_10' title="bbox 5 1914 1475 2051">
     <span class='ocr_line' id='line_1_26' title="bbox 5 1914 1473 1982; baseline 0 -19"><span class='ocrx_word' id='word_1_174' title='bbox 5 1938 7 1941; x_wconf 95' lang='lat'>·</span> <span class='ocrx_word' id='word_1_175' title='bbox 62 1935 158 1982; x_wconf 83' lang='lat' dir='ltr'>qua</span> <span class='ocrx_word' id='word_1_176' title='bbox 187 1916 524 1981; x_wconf 80' lang='lat' dir='ltr'>praestitutum</span> <span class='ocrx_word' id='word_1_177' title='bbox 559 1928 661 1962; x_wconf 81' lang='lat' dir='ltr'>erat</span> <span class='ocrx_word' id='word_1_178' title='bbox 695 1932 808 1962; x_wconf 89' lang='lat' dir='ltr'>eum</span> <span class='ocrx_word' id='word_1_179' title='bbox 841 1915 938 1963; x_wconf 85' lang='lat' dir='ltr'>vita</span> <span class='ocrx_word' id='word_1_180' title='bbox 959 1930 1006 1963; x_wconf 88' lang='lat' dir='ltr'>et</span> <span class='ocrx_word' id='word_1_181' title='bbox 1026 1914 1237 1980; x_wconf 87' lang='lat' dir='ltr'>imperio</span> <span class='ocrx_word' id='word_1_182' title='bbox 1258 1914 1473 1980; x_wconf 81' lang='lat' dir='ltr'>spoliari,</span> 
     </span>
     <span class='ocr_line' id='line_1_27' title="bbox 64 1983 1475 2051; baseline -0.001 -18"><span class='ocrx_word' id='word_1_183' title='bbox 64 1987 118 2051; x_wconf 82' lang='lat'>¹³)</span> <span class='ocrx_word' id='word_1_184' title='bbox 146 1986 404 2034; x_wconf 83' lang='lat' dir='ltr'>itineribus</span> <span class='ocrx_word' id='word_1_185' title='bbox 434 1983 702 2032; x_wconf 87' lang='lat' dir='ltr'>interiectis</span> <span class='ocrx_word' id='word_1_186' title='bbox 742 1986 1103 2048; x_wconf 82' lang='lat' dir='ltr'>permutatione</span> <span class='ocrx_word' id='word_1_187' title='bbox 1139 1984 1475 2032; x_wconf 88' lang='lat' dir='ltr'>iumentorum</span> 
     </span>
    </p>

    <p class='ocr_par' dir='ltr' id='par_1_11' title="bbox 62 2052 1473 2117">
     <span class='ocr_line' id='line_1_28' title="bbox 62 2052 1473 2117; baseline -0.002 -14"><span class='ocrx_word' id='word_1_188' title='bbox 62 2055 294 2115; x_wconf 86' lang='lat' dir='ltr'>emenlis,</span> <span class='ocrx_word' id='word_1_189' title='bbox 339 2053 474 2102; x_wconf 86' lang='lat' dir='ltr'>venit</span> <span class='ocrx_word' id='word_1_190' title='bbox 502 2052 830 2113; x_wconf 83' lang='lat' dir='ltr'>Petobionem</span> <span class='ocrx_word' id='word_1_191' title='bbox 863 2052 1104 2117; x_wconf 87' lang='lat' dir='ltr'>oppidum</span> <span class='ocrx_word' id='word_1_192' title='bbox 1141 2052 1473 2101; x_wconf 86' lang='lat' dir='ltr'>Noricorum:</span> 
     </span>
    </p>

    <p class='ocr_par' dir='ltr' id='par_1_12' title="bbox 0 2121 1476 2394">
     <span class='ocr_line' id='line_1_29' title="bbox 0 2121 1476 2189; baseline -0.001 -19"><span class='ocrx_word' id='word_1_193' title='bbox 0 2169 7 2174; x_wconf 86' lang='grc'>,</span> <span class='ocrx_word' id='word_1_194' title='bbox 62 2124 151 2171; x_wconf 89' lang='lat' dir='ltr'>ubi</span> <span class='ocrx_word' id='word_1_195' title='bbox 177 2126 233 2189; x_wconf 76' lang='lat'>¹⁴)</span> <span class='ocrx_word' id='word_1_196' title='bbox 267 2121 503 2171; x_wconf 80' lang='lat' dir='ltr'>reseratae</span> <span class='ocrx_word' id='word_1_197' title='bbox 529 2121 638 2170; x_wconf 84' lang='lat' dir='ltr'>sunt</span> <span class='ocrx_word' id='word_1_198' title='bbox 661 2121 943 2169; x_wconf 79' lang='lat' dir='ltr'>infidiarum</span> <span class='ocrx_word' id='word_1_199' title='bbox 963 2124 1177 2170; x_wconf 84' lang='lat' dir='ltr'>latebrae</span> <span class='ocrx_word' id='word_1_200' title='bbox 1199 2140 1367 2171; x_wconf 85' lang='lat' dir='ltr'>omnes</span> <span class='ocrx_word' id='word_1_201' title='bbox 1383 2159 1396 2183; x_wconf 90' lang='lat'>,</span> <span class='ocrx_word' id='word_1_202' title='bbox 1425 2135 1476 2169; x_wconf 78' lang='lat' dir='ltr'>et</span> 
     </span>
     <span class='ocr_line' id='line_1_30' title="bbox 62 2190 1472 2258; baseline -0.002 -18"><span class='ocrx_word' id='word_1_203' title='bbox 62 2193 114 2258; x_wconf 82' lang='lat'>¹⁵)</span> <span class='ocrx_word' id='word_1_204' title='bbox 151 2192 385 2240; x_wconf 85' lang='lat' dir='ltr'>Barbatio</span> <span class='ocrx_word' id='word_1_205' title='bbox 413 2205 613 2255; x_wconf 83' lang='lat' dir='ltr'>repente</span> <span class='ocrx_word' id='word_1_206' title='bbox 643 2190 868 2255; x_wconf 83' lang='lat' dir='ltr'>adparuit</span> <span class='ocrx_word' id='word_1_207' title='bbox 906 2192 1108 2254; x_wconf 88' lang='lat' dir='ltr'>Comes,</span> <span class='ocrx_word' id='word_1_208' title='bbox 1146 2191 1252 2257; x_wconf 25' lang='lat' dir='ltr'>,qui</span> <span class='ocrx_word' id='word_1_209' title='bbox 1291 2190 1379 2238; x_wconf 81' lang='lat' dir='ltr'>sub</span> <span class='ocrx_word' id='word_1_210' title='bbox 1412 2207 1472 2238; x_wconf 88' lang='lat' dir='ltr'>eo</span> 
     </span>
     <span class='ocr_line' id='line_1_31' title="bbox 65 2259 1472 2326; baseline -0.002 -18"><span class='ocrx_word' id='word_1_211' title='bbox 65 2261 341 2315; x_wconf 84' lang='lat' dir='ltr'>domesticis</span> <span class='ocrx_word' id='word_1_212' title='bbox 374 2259 608 2325; x_wconf 81' lang='lat' dir='ltr'>praefuit,</span> <span class='ocrx_word' id='word_1_213' title='bbox 652 2279 765 2308; x_wconf 88' lang='lat' dir='ltr'>cum</span> <span class='ocrx_word' id='word_1_214' title='bbox 796 2259 1080 2324; x_wconf 82' lang='lat' dir='ltr'>Apodemio</span> <span class='ocrx_word' id='word_1_215' title='bbox 1109 2274 1280 2326; x_wconf 84' lang='lat' dir='ltr'>agente</span> <span class='ocrx_word' id='word_1_216' title='bbox 1311 2260 1361 2306; x_wconf 90' lang='lat' dir='ltr'>in</span> <span class='ocrx_word' id='word_1_217' title='bbox 1384 2276 1472 2306; x_wconf 78' lang='lat' dir='ltr'>ie·-</span> 
     </span>
     <span class='ocr_line' id='line_1_32' title="bbox 63 2327 1468 2394; baseline -0.001 -17"><span class='ocrx_word' id='word_1_218' title='bbox 63 2330 182 2393; x_wconf 86' lang='lat' dir='ltr'>bus,</span> <span class='ocrx_word' id='word_1_219' title='bbox 223 2330 402 2377; x_wconf 86' lang='lat' dir='ltr'>milites</span> <span class='ocrx_word' id='word_1_220' title='bbox 426 2327 638 2390; x_wconf 87' lang='lat' dir='ltr'>ducens,</span> <span class='ocrx_word' id='word_1_221' title='bbox 677 2347 800 2394; x_wconf 86' lang='lat' dir='ltr'>quos</span> <span class='ocrx_word' id='word_1_222' title='bbox 823 2330 1075 2378; x_wconf 87' lang='lat' dir='ltr'>beneficiis</span> <span class='ocrx_word' id='word_1_223' title='bbox 1096 2329 1191 2377; x_wconf 83' lang='lat' dir='ltr'>suis</span> <span class='ocrx_word' id='word_1_224' title='bbox 1222 2328 1468 2392; x_wconf 68' lang='lat' dir='ltr'>oppigne-</span> 
     </span>
    </p>

    <p class='ocr_par' dir='ltr' id='par_1_13' title="bbox 39 2397 1472 2530">
     <span class='ocr_line' id='line_1_33' title="bbox 39 2397 1472 2464; baseline -0.001 -19"><span class='ocrx_word' id='word_1_225' title='bbox 39 2420 43 2423; x_wconf 70' lang='grc'><strong>-</strong></span> <span class='ocrx_word' id='word_1_226' title='bbox 65 2413 192 2447; x_wconf 84' lang='lat' dir='ltr'>ratos</span> <span class='ocrx_word' id='word_1_227' title='bbox 213 2399 371 2463; x_wconf 52' lang='lat' dir='ltr'>eleget</span> <span class='ocrx_word' id='word_1_228' title='bbox 375 2412 423 2445; x_wconf 86' lang='lat' dir='ltr'>at</span> <span class='ocrx_word' id='word_1_229' title='bbox 446 2398 610 2463; x_wconf 85' lang='lat' dir='ltr'>Impcr</span> <span class='ocrx_word' id='word_1_230' title='bbox 615 2411 719 2444; x_wconf 80' lang='lat' dir='ltr'>at01</span> <span class='ocrx_word' id='word_1_231' title='bbox 733 2436 744 2458; x_wconf 88' lang='lat'>,</span> <span class='ocrx_word' id='word_1_232' title='bbox 780 2413 964 2463; x_wconf 86' lang='lat' dir='ltr'>certus,</span> <span class='ocrx_word' id='word_1_233' title='bbox 1008 2418 1099 2448; x_wconf 85' lang='lat' dir='ltr'>nec</span> <span class='ocrx_word' id='word_1_234' title='bbox 1122 2397 1350 2464; x_wconf 78' lang='lat' dir='ltr'>praemiis</span> <span class='ocrx_word' id='word_1_235' title='bbox 1381 2414 1472 2444; x_wconf 91' lang='lat' dir='ltr'>ncc</span> 
     </span>
     <span class='ocr_line' id='line_1_34' title="bbox 66 2466 887 2530; baseline 0 -15"><span class='ocrx_word' id='word_1_236' title='bbox 66 2468 372 2516; x_wconf 81' lang='lat' dir='ltr'>miseratione</span> <span class='ocrx_word' id='word_1_237' title='bbox 393 2466 491 2514; x_wconf 86' lang='lat' dir='ltr'>ulla</span> <span class='ocrx_word' id='word_1_238' title='bbox 518 2466 650 2530; x_wconf 82' lang='lat' dir='ltr'>posse</span> <span class='ocrx_word' id='word_1_239' title='bbox 677 2466 887 2516; x_wconf 79' lang='lat' dir='ltr'>deflecti.</span> 
     </span>
    </p>
   </div>
   <div class='ocr_carea' id='block_1_3' title="bbox 69 2600 345 2610">
    <p class='ocr_par' dir='ltr' id='par_1_14' title="bbox 69 2600 345 2610">
     <span class='ocr_line' id='line_1_35' title="bbox 69 2600 345 2610; baseline 0 534"><span class='ocrx_word' id='word_1_240' title='bbox 69 2600 345 2610; x_wconf 95' lang='lat' dir='ltr'> </span> 
     </span>
    </p>
   </div>
   <div class='ocr_carea' id='block_1_4' title="bbox 72 2669 1471 2801">
    <p class='ocr_par' dir='ltr' id='par_1_15' title="bbox 72 2669 1447 2801">
     <span class='ocr_line' id='line_1_36' title="bbox 117 2669 1447 2724; baseline -0.004 -17"><span class='ocrx_word' id='word_1_241' title='bbox 117 2677 172 2719; x_wconf 81' lang='grc' dir='ltr'>ιο)</span> <span class='ocrx_word' id='word_1_242' title='bbox 211 2675 262 2708; x_wconf 88' lang='lat' dir='ltr'>al.</span> <span class='ocrx_word' id='word_1_243' title='bbox 298 2673 519 2708; x_wconf 85' lang='lat' dir='ltr'>adiunxerat.</span> <span class='ocrx_word' id='word_1_244' title='bbox 584 2674 641 2717; x_wconf 82' lang='grc' dir='ltr'>ιι)</span> <span class='ocrx_word' id='word_1_245' title='bbox 677 2670 1070 2724; x_wconf 27' lang='lat' dir='ltr'>Stweph.quod.12)</span> <span class='ocrx_word' id='word_1_246' title='bbox 1108 2669 1176 2705; x_wconf 82' lang='lat' dir='ltr'>Ms.</span> <span class='ocrx_word' id='word_1_247' title='bbox 1210 2669 1357 2705; x_wconf 82' lang='lat' dir='ltr'>solutus.</span> <span class='ocrx_word' id='word_1_248' title='bbox 1408 2670 1447 2702; x_wconf 67' lang='lat'>13</span> 
     </span>
     <span class='ocr_line' id='line_1_37' title="bbox 72 2716 1471 2801; baseline -0.001 -47"><span class='ocrx_word' id='word_1_249' title='bbox 72 2719 359 2801; x_wconf 37' lang='lat' dir='ltr'>&amp;lasiozltrigntezibus</span> <span class='ocrx_word' id='word_1_250' title='bbox 384 2720 508 2756; x_wconf 72' lang='lat' dir='ltr'>eiectis</span> <span class='ocrx_word' id='word_1_251' title='bbox 540 2719 592 2754; x_wconf 88' lang='lat' dir='ltr'>al.</span> <span class='ocrx_word' id='word_1_252' title='bbox 620 2719 827 2754; x_wconf 59' lang='lat' dir='ltr'>intt·1·1e;tis</span> <span class='ocrx_word' id='word_1_253' title='bbox 881 2721 938 2762; x_wconf 71' lang='lat'>¹4)</span> <span class='ocrx_word' id='word_1_254' title='bbox 965 2716 1034 2751; x_wconf 73' lang='lat' dir='ltr'>Ml.</span> <span class='ocrx_word' id='word_1_255' title='bbox 1063 2716 1270 2753; x_wconf 78' lang='lat' dir='ltr'>reservatae</span> <span class='ocrx_word' id='word_1_256' title='bbox 1320 2717 1377 2761; x_wconf 75' lang='lat'>15)</span> <span class='ocrx_word' id='word_1_257' title='bbox 1402 2716 1471 2750; x_wconf 82' lang='lat' dir='ltr'>M</span> 
     </span>
    </p>
   </div>
  </div>
 </body>
</html>
