1727 3144
195 157 452 187 VALnxT.
492 158 622 188 VAL.
658 157 731 187 ET
779 157 1080 188 GssATtAN.
1148 145 1261 204 575.
1369 142 1477 187 5551*

860 204 870 218 t

61 285 200 313 mus.-
267 265 397 313 Ante
428 266 558 330 apud
588 265 823 313 Sirmium
855 267 1110 331 repentino
1149 268 1341 332 fragore
1382 288 1469 317 nu-

60 336 199 383 bium
220 335 404 382 fulmen
428 334 694 396 excussum,
729 335 891 399 'palatii
912 350 959 383 et
986 336 1148 383 curiae
1182 353 1366 399 partem
1396 342 1467 386 in-

61 404 227 450 cendit
247 417 294 450 et
311 403 434 450 fori:
470 417 516 451 et
544 405 675 468 apud
697 404 950 452 Sabmiani
970 404 1143 452 eodem
1165 404 1323 454 adhuc
1355 427 1470 454 con-

60 472 255 530 stituto,
299 473 431 519 bubo
471 473 768 520 culminibus
805 474 924 537 regii
958 474 1135 521 lavacti
1174 475 1212 539 ⁷)
1243 475 1469 541 insidens,

66 556 423 605 occentansque
445 542 694 599 funebria,
734 541 902 589 nulla
890 542 1168 590 lacientium
1200 544 1388 609 lagittas
1425 559 1473 593 et

63 609 251 673 lapides
275 611 641 674 contemplabili
675 610 866 658 dextena
895 610 1065 659 cadere
1098 615 1283 675 potuit,
1328 629 1476 663 certa-

63 679 154 725 tim
183 679 297 726 licet
331 678 521 725 ardenti
554 678 712 725 studio
742 680 1012 740 petebatur.
1100 681 1226 728 Item
1269 703 1378 731 cum
1414 688 1474 732 ab
1500 698 1549 741 17

62 748 185 794 urbe
210 746 455 812 praedicta
478 746 698 793 tenderet
720 745 782 792 ad
801 748 1134 809 procinctum,
1167 769 1254 814 pei
1284 769 1475 814 portani

66 816 247 876 voluit,
296 814 426 861 unde
457 814 702 874 introivit,
749 815 901 876 exite,
941 829 996 862 ut
1026 833 1170 864 omen
1209 822 1354 866 colli-1
1329 836 1476 883 genet,

68 884 204 949 quod
225 884 325 931 cito
348 883 584 928 remeabit
605 881 662 928 ad
691 883 886 929 Gallias.
973 884 1194 951 Cumque
1224 889 1362 936 locus
1396 890 1479 936 ad-

69 953 207 1017 gestis
237 951 494 999 ruderibus
530 952 777 1014 neglectus
806 966 1063 1015 purgatur,
1108 955 1289 1019 lapsam
1321 959 1481 1006 iorem

66 1023 324 1077 feiratam,
360 1038 482 1095 quae
503 1021 684 1068 exitum
709 1018 981 1080 obseiavit,
1029 1023 1293 1073 multitudo
1324 1044 1481 1074 remo-

68 1108 181 1138 veie
197 1107 298 1137 non
319 1089 478 1153 potuit
496 1088 680 1135 vitibus
702 1089 887 1152 magnis
911 1058 1038 1136 enisa
1059 1110 1068 1137 ;
1104 1106 1150 1139 et
1172 1093 1288 1141 dum
1305 1095 1479 1144 frustra

68 1173 246 1207 tereret
269 1157 428 1215 diem,
462 1171 657 1204 coactus
679 1174 766 1221 per
787 1158 925 1205 aliam
950 1176 991 1205 e<
978 1160 1153 1222 ‹rress'us
1174 1163 1238 1210 est
1269 1178 1475 1227 portam.

70 1228 356 1292 Nocteque,
391 1245 535 1291 quam
558 1227 639 1273 lux
661 1240 885 1290 ereptura
908 1245 1018 1275 eum
1040 1230 1136 1276 vita
1166 1229 1365 1296 sequuta
1397 1234 1556 1296 elt,18

69 1311 124 1344 ut
154 1314 241 1362 pei
275 1296 491 1359 quietem
522 1293 668 1355 solet,
709 1295 908 1343 videbat
945 1297 1203 1361 coniugem
1241 1300 1370 1347 suam
1400 1305 1481 1348 ab·

70 1366 256 1413 lentem
276 1363 470 1423 sedere,
505 1363 643 1429 pallis
665 1364 879 1428 capilliS,
913 1366 1092 1413 amictu
1116 1368 1347 1446 squalenti
1368 1389 1485 1417 con-

73 1449 252 1482 tectam
271 1452 281 1480 :
311 1451 465 1498 quani
486 1433 720 1480 aestimari
741 1431 945 1479 dabatur
965 1434 1229 1484 Fortunam
1253 1439 1354 1485 eius
1375 1439 1485 1498 effe,

77 1522 192 1551 cum
239 1516 395 1550 taetio
432 1501 607 1548 habitu
646 1502 740 1549 iam
791 1502 1115 1551 discessui-,am
1209 1506 1484 1571 Progressus
1510 1538 1560 1579 ¹9

80 1571 258 1620 deinde
278 1571 543 1618 matutinus
563 1571 886 1618 contractiore
913 1572 1048 1617 vultu
1073 1572 1332 1636 subtristis,
1375 1596 1489 1626 cum

79 1659 190 1689 eum
213 1641 405 1688 oblatus
426 1657 526 1687 non
550 1638 815 1704 susciperet
838 1658 1017 1704 equus,
1050 1643 1313 1690 anteriores
1336 1647 1488 1709 pedes

74 1710 326 1776 ⁸)praeter
348 1708 599 1756 stratorem
624 1709 811 1772 erigens
840 1728 889 1754 in
915 1708 1145 1757 sublime:
1190 1712 1352 1771 innata
1379 1716 1492 1762 feri-

78 1793 175 1826 tate
204 1778 457 1838 concitus,
491 1792 545 1824 ut
575 1792 676 1825 etat
705 1778 952 1838 immanis,
995 1778 1240 1827 dexteram
1274 1783 1488 1831 stratoris

74 1847 245 1896 militis
264 1846 392 1894 iuffit
414 1845 629 1905 abscidi,
666 1865 789 1911 quae
812 1864 922 1894 eum
949 1846 1237 1895 insilientem
1267 1850 1487 1900 iumento

75 1915 288 1981 pulserat
308 1915 571 1975 consuetoq
604 1916 896 1980 perissetque
907 1916 1233 1963 cruciabiliter
1254 1919 1488 1968 innocens

78 1984 294 2045 iuvenis,
345 1984 398 2030 ni
437 1984 662 2030 tribunus
701 1984 876 2030 stabuli
915 1984 1127 2031 Cerealis
1165 1985 1326 2034 dirum
1354 1992 1487 2037 nefas

79 2072 192 2102 cum
218 2051 285 2100 sui
305 2051 526 2117 periculo
553 2051 823 2099 distulisset.

181 2121 274 2169 VI.
309 2120 422 2166 Post
441 2121 559 2168 haec
583 2120 874 2177 Quadorum
904 2138 1077 2170 venere
1111 2123 1281 2185 legati,
1316 2142 1486 2188 pacem
1508 2138 1530 2187 ἰ

80 2208 194 2237 cum
229 2188 603 2253 praeteritorum
633 2189 997 2238 oblitteratione
1040 2190 1321 2254 suppliciter
1355 2193 1491 2242 obse-

82 2272 299 2306 mantes:
351 2274 498 2319 quam
527 2271 582 2303 ut
611 2256 813 2320 adipisci
850 2257 949 2307 fine
993 2259 1238 2306 obstaculo
1287 2262 1489 2324 pollent,

83 2341 131 2375 et
152 2324 434 2374 tirocinium
457 2339 504 2372 et
524 2325 764 2389 quaedam
802 2327 939 2374 utilia
971 2328 1038 2374 ici
1072 2328 1315 2376 Romanae
1349 2332 1491 2394 polli-

83 2397 335 2444 cebantur.
408 2393 546 2449 Quos
570 2395 800 2458 quoniam
826 2395 999 2459 suscipi
1029 2396 1230 2459 placuit,
1263 2412 1309 2446 et
1332 2399 1489 2448 redire
1511 2435 1538 2461 2

86 2463 314 2522 indutiis,
367 2481 489 2527 quae
524 2462 870 2527 poscebantur,
917 2464 1116 2511 indultis
1161 2467 1366 2531 (quippe
1408 2486 1490 2516 eos

91 2532 252 2581 vexari
290 2531 473 2580 diutius
517 2549 607 2579 nec
651 2533 876 2582 ciborum
918 2533 1110 2598 inopia,
1154 2552 1243 2584 nec
1280 2537 1492 2586 alienum

141 2768 176 2814 7)
202 2768 253 2800 al.
284 2767 493 2802 concidens.
546 2770 586 2816 8)
615 2768 683 2802 Ms-
713 2779 854 2817 praeter
882 2782 917 2803 ar
945 2797 951 2804 .
985 2799 990 2804 .
1023 2799 1028 2805 .
1061 2783 1185 2807 torem.
