1727 3144
233 156 663 188 CONSTANTIUS
697 155 772 185 ET
820 155 1149 202 IULRANU&
1222 143 1338 190 556.
1440 147 1505 207 89

40 278 49 290 '¹
73 267 277 333 'pueros
315 263 594 313 exclamasse
642 263 846 312 audiss'et
885 280 942 311 ex
978 261 1093 325 usn,
1150 264 1190 328 ⁷)
1236 269 1506 318 Vincamus

87 353 247 400 perun
268 371 277 380 .
305 371 315 381 .
342 371 351 380 .
378 371 387 380 .
419 333 654 405 sollemne
685 334 1028 398 interpretatus
1072 333 1329 397 atrociter,
1376 337 1504 387 dele.

93 405 163 452 vit
186 404 403 451 nobilem
425 403 646 450 domum.

192 473 324 520 Haec
354 473 562 536 taliaque
593 471 708 520 ideo
743 471 896 535 magis
928 471 1180 536 magisque
1205 469 1570 535 crescebant‚10

93 542 230 605 quod
265 542 573 589 Constantius
605 540 861 605 impendio
897 541 937 605 ⁸)
965 540 1193 601 timidus,
1234 539 1425 605 semper
1454 541 1503 591 fe

90 611 130 673 ⁹)
154 611 289 658 feriri
321 610 576 674 sperabat,
615 624 670 657 ut
696 609 958 674 Dionylius
993 622 1223 675 tyrannus
1259 609 1341 657 ille
1381 611 1506 662 Sici-1

88 678 208 726 liae:
260 681 345 744 qui
380 681 444 727 ob
474 678 737 736 hocfidem
768 678 942 726 vitium
971 692 1019 725 et
1044 679 1296 727 tonstrices
1330 679 1502 729 docuit

88 748 239 807 filias,
273 767 333 796 ne
357 749 437 794 cui
459 749 618 795 alieno
640 765 724 795 ora
759 747 1088 796 committeret
1110 747 1393 813 leviganda:
1429 769 1506 798 ae-

90 815 301 882 demque
334 818 561 877 brevem,
606 816 694 863 ubi
726 817 946 865 cubitare
975 816 1222 878 sueverat,
1276 818 1371 865 alta
1411 819 1502 866 cir-

89 885 344 934 cumdedit
362 885 507 947 foffa,
545 904 749 951 eamque
772 901 924 952 ponte
945 885 1143 934 solubili
1162 884 1473 952 superstravit
1491 907 1501 936 ;

90 956 228 1002 euius
268 955 498 1004 disiectos
537 954 706 1002 afferes
737 969 786 1003 et
828 955 1042 1003 axiculos
1078 954 1243 1004 secum
1271 955 1323 1003 in
1350 956 1503 1022 10)[“ο-

17 1038 22 1042 ·
87 1026 434 1072 mnumabiens
446 1025 784 1087 transferebat,
807 1024 1105 1089 eosdemque
1124 1025 1504 1091 compaginabat

0 1098 1 1106 ¹
85 1091 213 1148 lueis·
229 1094 371 1142 initio
394 1094 714 1160 proceffurus.
794 1095 1040 1142 Inflabant
1071 1094 1244 1142 itidem
1282 1093 1369 1142 has
1402 1114 1565 1143 mant

84 1161 249 1209 lorum
281 1165 761 1214 civiliumdauccinas
790 1179 1017 1231 potentes
1053 1163 1105 1211 in
1139 1165 1268 1228 regia
1284 1199 1300 1221 ,
1344 1182 1398 1211 ea
1431 1182 1499 1226 re,

85 1245 141 1277 ut
184 1231 527 1281 damnatorum
568 1236 715 1299 petita
763 1237 895 1282 bona
950 1232 1046 1281 suis
1096 1231 1499 1297 adcorporarent,

88 1299 299 1364 ess'etque
321 1304 520 1349 materia
543 1321 629 1366 per
650 1304 921 1351 vicinitates
941 1319 1111 1348 eorum
1126 1302 1219 1347 late
1240 1300 1494 1363 grassandi.

84 1366 332 1433 Namque,
355 1384 409 1416 ut
442 1370 735 1418 documenta
757 1372 944 1435 liquida
962 1367 1303 1434 prodiderunt,
1337 1371 1498 1434 proxi·
1518 1386 1569 1415 12

82 1454 279 1484 morum
293 1439 456 1485 fauces
469 1439 658 1503 aperuit
681 1440 863 1505 primus
887 1438 1108 1486 omnium
1130 1438 1497 1489 Constantinus:

79 1504 168 1552 ‚sed
188 1524 270 1554 eos
295 1507 522 1555 medullis
533 1508 898 1571 provinciarum
918 1506 1151 1570 saginavit
1172 1508 1494 1557 Constantius.

79 1575 187 1622 Sub
209 1577 306 1623 hoc
327 1577 456 1624 enim
481 1576 712 1623 ordinum
731 1577 1032 1639 [iugulorum
1055 1589 1276 1621 auctores
1305 1577 1495 1627 infinita
1513 1586 1565 1630 15

77 1643 311 1708 cupidine
338 1644 619 1691 divitiarum
648 1645 892 1705 arserunt,
938 1643 1037 1690 fine
1081 1642 1287 1690 iustitiae
1333 1645 1498 1694 distin-

79 1714 242 1761 ctione
271 1714 348 1760 vel
379 1712 524 1775 recti,
579 1714 706 1760 inter
745 1712 1023 1761 ordinarios
1067 1711 1254 1759 iudices
1290 1713 1495 1764 Rufinus

78 1783 266 1845 primus
321 1782 594 1846 praefectus
644 1783 918 1847 praetorio:
981 1795 1029 1828 et·
1076 1781 1203 1828 inter
1252 1781 1494 1834 Militares

81 1851 300 1915 equitum
330 1851 551 1915 magister
575 1852 811 1912 Arbetio,
852 1849 1253 1916 praepofitusque
1276 1853 1328 1916 ¹¹)
1358 1855 1497 1901 eubi-

80 1921 177 1966 culi
207 1918 470 1981 Eusebius,
523 1934 600 1967 et.
632 1956 641 1966 .
675 1957 684 1967 .
709 1958 717 1967 .
743 1938 861 1968 anus
897 1919 1147 1987 quaestor,
1206 1934 1253 1967 et
1287 1920 1338 1967 in
1369 1924 1494 1971 urbe

81 1989 272 2049 Anicii,
309 2007 520 2053 quorum
544 1989 606 2035 ad
628 2008 830 2038 avorum
851 1989 1228 2037 aemulationem
1251 1990 1307 2054 ¹²)
1339 1992 1496 2056 poste-

83 2058 194 2104 ritas
224 2059 456 2121 tendens,
489 2056 650 2105 satiari
683 2078 951 2125 numquam
983 2059 1146 2123 potuit
1172 2077 1286 2106 cum
1321 2060 1499 2124 poss'esm

83 2124 214 2174 lione
237 2127 613 2175 multo‘maiore.
664 2156 666 2158 -

178 2196 268 2242 IX.
305 2197 374 2242 At
396 2195 565 2244 Persae
589 2197 638 2242 in
663 2195 865 2253 Oriente
897 2215 979 2260 per
1000 2197 1128 2244 furta
1160 2210 1206 2245 et
1234 2197 1523 2245 latrocinia1

81 2264 244 2328 ‘potius
276 2283 438 2329 quam,
477 2279 531 2310 ut
551 2265 772 2313 solebant
795 2280 949 2326 autea,
994 2285 1076 2330 per
1105 2265 1492 2315 concursatorias

83 2351 294 2396 pugnas,
336 2333 596 2380 hominum
629 2334 833 2399 praedas
864 2336 1112 2399 agitabant
1142 2350 1188 2383 et
1221 2352 1491 2399 pecorum:

114 2509 126 2524 Ο

96 2559 108 2572 .
131 2543 164 2583 7)
191 2538 259 2574 ΜΓ.
287 2540 484 2574 Vincamus
513 2554 628 2588 perun
657 2567 664 2574 .
695 2568 702 2576 .
734 2568 741 2575 .
773 2568 780 2576 .
811 2542 931 2577 lcmne
960 2570 968 2579 .
995 2571 1004 2579 .
1037 2571 1045 2578 .
1071 2571 1079 2579 .
1111 2546 1393 2590 interpretatum.
1434 2544 1485 2578 al-

84 2584 279 2620 Vincamus
312 2587 575 2634 interpretatus.
642 2589 685 2632 8)
724 2589 791 2622 Ms.
828 2590 974 2624 timidus
1005 2616 1211 2624 ......
1242 2589 1393 2636 semper.

84 2629 150 2663 ΜΓ.
179 2631 272 2666 ferri.
334 2637 390 2677 ιο)
419 2632 485 2666 Ms.
518 2634 553 2666 in
580 2631 734 2667 [omino.
806 2638 957 2677 11,·Al.
985 2639 1027 2672 τὸ
1056 2636 1228 2670 Eusebius
1258 2633 1367 2670 deest.
1419 2594 1489 2673 NR).

86 2688 167 2710 vero
204 2679 251 2712 ita
286 2678 415 2712 habet:
453 2678 946 2727 praepositusqueffiubiculi
974 2684 1146 2715 liuh-hius
1178 2681 1295 2729 lapsus
1319 2708 1486 2717 ......

90 2748 258 2759 ......
289 2737 376 2758 anus
407 2725 604 2768 Quaestor,
645 2737 678 2759 et
706 2728 741 2759 in
774 2728 859 2760 urbe
884 2729 1074 2776 Auis-iique
1095 2754 1104 2762 .
1129 2755 1135 2762 .
1157 2754 1166 2762 .
1194 2754 1201 2761 .
1224 2754 1232 2762 .
1258 2754 1264 2761 .
1291 2753 1297 2761 .
1324 2754 1329 2760 .
1355 2754 1362 2760 .
1386 2754 1394 2761 .
1419 2755 1426 2761 .
1451 2754 1457 2761 .
1480 2755 1486 2759 .

87 2780 211 2802 vorum
248 2770 535 2806 aemulationem.
596 2772 753 2819 12)Bls.
788 2773 985 2822 posteritas.
