1727 3144
243 147 339 194 170
481 149 764 182 AMMtANi
800 151 1207 184 MARCELIANI
1240 155 1383 198 xvm,
1416 153 1464 199 9.

231 264 368 323 grina
397 261 690 325 commercia
719 261 1018 309 circumacto
1045 279 1173 310 anno
1209 261 1350 312 solita
1390 264 1643 328 celebrari,

166 343 219 394 14
233 330 496 378 multitudo
516 349 844 378 convenarum
863 331 1071 393 augebat
1099 333 1368 395 agrestium.
1450 334 1642 383 Interea

228 398 392 446 sonitu
421 400 559 447 vario
591 415 765 447 cuncta
796 398 1085 456 miscentur,
1123 402 1298 463 partim
1331 403 1520 451 amiss'os
1551 422 1644 468 ge—

226 469 501 527 mentibus,
533 470 637 516 aliis
662 488 776 516 cum
812 468 960 516 exitio
989 468 1187 529 sauciis,
1227 472 1392 518 multis
1421 473 1643 519 caritates

228 537 462 599 diversas,
500 557 618 603 quas
651 556 764 604 prae
797 537 1023 602 angustiis
1057 538 1221 588 videre
1258 557 1360 588 non
1395 555 1642 606 poterant,

225 606 584 655 invocantibus.

189 705 208 730 1
324 677 418 723 IX.
465 678 602 725 Hanc
660 676 904 724 civitatem
970 677 1089 724 olim
1138 695 1378 742 perquam
1423 678 1640 739 brevem,

226 744 398 795 Caesar
418 748 563 793 etiam
587 761 692 793 tum
716 746 1048 807 Constantius,
1084 761 1139 793 ut
1163 748 1358 794 accolae
1381 745 1643 810 suffugium

222 814 402 878 pollint
424 816 606 864 habere
629 814 939 875 tutiffimum,
976 833 1034 862 eo
1057 829 1281 879 tempore
1296 852 1309 876 2
1346 833 1446 879 quo
1469 817 1642 863 Anto—

223 883 503 948 ninupolim
531 883 772 950 oppidum
794 883 926 930 aliud
946 884 1141 945 struxit,
1171 885 1387 931 turribus
1416 885 1640 931 circum-

223 951 362 999 dedit
383 955 557 1017 amplis
592 967 640 1001 et
659 952 919 999 moenibus
937 971 946 999 z
978 953 1240 1017 locatoque
1263 953 1335 999 ibi
1353 952 1638 1001 conditorio

219 1022 480 1068 muralium
503 1035 891 1081 tormentorum,
924 1021 1041 1067 fecit
1061 1021 1282 1069 hostibus
1304 1022 1638 1083 formidatam,

177 1088 406 1154 asuoque
434 1091 633 1137 nomine
663 1089 821 1137 voluit
849 1088 1102 1152 adpellari.
1182 1090 1243 1136 Et
1270 1109 1296 1136 a
1327 1091 1475 1138 latere
1516 1091 1637 1155 qui—

222 1158 338 1206 dem
374 1159 581 1219 australi,
616 1157 894 1222 geniculato
943 1157 1162 1219 Tigridis
1194 1173 1358 1205 meatu
1394 1158 1640 1206 subluitur

217 1228 426 1291 propius
461 1227 777 1291 emergentis:
832 1244 928 1288 qua
967 1225 1089 1271 Euri
1123 1227 1393 1289 opponitur
1427 1229 1638 1285 flatibus,

217 1297 608 1362 Mesopotamiae
640 1296 782 1360 plana
805 1294 1076 1358 despectat:
1107 1294 1240 1341 unde
1270 1295 1513 1358 Aquiloni
1536 1298 1638 1343 ob—

215 1367 364 1414 noxia
391 1368 481 1427 ssst7
516 1364 808 1431 Nymphaeo
831 1363 962 1409 amni
979 1362 1159 1422 vicina,
1198 1363 1464 1410 verticibus
1495 1364 1640 1412 Tau-

217 1435 336 1483 rinis
371 1437 652 1494 umbratur,
699 1447 865 1496 gentes
906 1431 1312 1496 Transtigritanas
1353 1431 1639 1482 di1·imenti-

214 1505 308 1552 bus
347 1519 394 1553 et
433 1504 750 1552 Armeniam:
808 1500 1011 1565 spiranti
1056 1500 1291 1566 Zephyro
1314 1502 1646 1562 ,contraversa-

217 1573 581 1621 Gumathenam
606 1570 874 1633 contingit,
907 1569 1160 1632 regionem
1186 1571 1391 1617 uberem
1419 1585 1466 1618 et
1499 1572 1638 1618 cultu

216 1642 351 1689 iuxta
382 1640 670 1689 secundam:
714 1637 766 1684 in
800 1656 894 1701 qua
922 1640 1056 1683 vicus
1085 1637 1151 1684 est
1182 1637 1383 1686 Abarne
1416 1640 1634 1702 nomine,

213 1710 515 1774 sospitalium
545 1725 779 1771 aquarum
808 1706 1010 1753 lavacris
1038 1706 1311 1753 calentibus
1338 1722 1498 1756 notus.
1566 1702 1634 1757 'n

213 1779 321 1844 ipso
349 1794 510 1826 autem
545 1775 756 1824 Amidae
787 1773 1066 1822 meditullio
1091 1774 1182 1822 sub
1212 1793 1318 1823 arce
1348 1777 1456 1824 fons
1496 1776 1632 1825 dives

214 1850 251 1914 ¹)
279 1848 515 1907 exundat,
547 1844 781 1911 potabilis
813 1843 1043 1908 quidem,
1087 1842 1174 1891 sed
1205 1846 1450 1909 vaporatis
1484 1846 1633 1893 aesti-

174 1919 306 1970 Zbus
326 1933 700 1978 nonnumquam
720 1913 919 1959 faetens.
1002 1912 1153 1959 Cuius
1182 1913 1357 1977 oppidi
1389 1913 1632 1977 praefidio

216 2001 319 2035 erat
351 1986 537 2050 semper
570 1983 740 2046 quinta
778 1980 1006 2027 Parthica
1039 1980 1168 2043 legio
1204 1980 1462 2042 destinata,
1516 2003 1631 2031 cum

211 2055 551 2120 indigenarum
583 2067 742 2099 turma
769 2066 871 2096 non
901 2048 1277 2096 contemnenda.
1371 2050 1473 2097 Sed
1510 2066 1628 2100 tunc

211 2126 522 2189 ingruentem
576 2119 831 2168 Persarum
884 2116 1251 2164 multitudinem
1294 2116 1372 2165 sex
1409 2120 1630 2183 legiones

211 2195 393 2259 raptim
415 2191 648 2258 percurlis
668 2187 925 2235 itineribus
948 2185 1262 2248 antegress'ae,
1297 2188 1450 2234 muris
1477 2188 1630 2236 adsti-

212 2277 316 2310 tere
344 2260 651 2320 firmissimis3
700 2254 1032 2319 Magnentiaci
1066 2268 1114 2301 ct
1142 2255 1453 2317 Decentiaci‚
1501 2276 1628 2322 quos

213 2332 323 2398 post
343 2330 700 2380 consummatos
727 2326 895 2373 civiles
923 2323 1231 2387 procinctus,
1268 2338 1323 2370 ut
1354 2325 1548 2372 fallaces
1579 2341 1627 2374 et

213 2403 442 2454 turbidos
473 2398 536 2447 ad.
571 2397 827 2445 Orientem
856 2393 1021 2440 venire
1050 2393 1292 2459 compulit
1334 2393 1623 2457 Imperator,

212 2471 301 2517 ubi
326 2471 451 2518 nihil
475 2482 662 2533 praeter
682 2465 809 2512 bella
833 2463 1033 2509 timetur
1055 2475 1248 2509 externa
1267 2479 1276 2507 ε
1310 2475 1357 2507 et
1378 2461 1418 2526 2)
1441 2462 1623 2510 Trice-

213 2539 383 2587 fimani
422 2535 779 2598 Decimanique
821 2529 1103 2591 Fortenses,
1163 2545 1209 2577 et
1252 2528 1621 2594 superventor-es

214 2624 359 2674 atque
382 2620 724 2674 praeventores
749 2619 862 2652 cum
881 2599 1090 2647 Aeliano
1113 2599 1208 2648 iam
1241 2599 1460 2661 Gemite,
1496 2618 1621 2665 quos

265 2776 304 2821 ι)
333 2777 383 2808 nl.
413 2772 553 2808 exudat.
603 2769 647 2817 2)
680 2767 748 2804 NH]
783 2765 1057 2805 Tricensimani.
