<?xml version="1.0" encoding="UTF-8"?>
<!DOCTYPE html PUBLIC "-//W3C//DTD XHTML 1.0 Transitional//EN"
    "http://www.w3.org/TR/xhtml1/DTD/xhtml1-transitional.dtd">
<html xmlns="http://www.w3.org/1999/xhtml" xml:lang="en" lang="en">
 <head>
  <title>
</title>
<meta http-equiv="Content-Type" content="text/html;charset=utf-8" />
  <meta name='ocr-system' content='tesseract 3.04.00' />
  <meta name='ocr-capabilities' content='ocr_page ocr_carea ocr_par ocr_line ocrx_word'/>
</head>
<body>
  <div class='ocr_page' id='page_1' title='image "ammianimarcellin01ammiuoft_0651.png"; bbox 0 0 1727 3144; ppageno 0'>
   <div class='ocr_carea' id='block_1_1' title="bbox 1457 159 1476 166">
    <p class='ocr_par' dir='ltr' id='par_1_1' title="bbox 1457 159 1476 166">
     <span class='ocr_line' id='line_1_1' title="bbox 1457 159 1476 166; baseline 0 0"><span class='ocrx_word' id='word_1_1' title='bbox 1457 159 1476 166; x_wconf 70' lang='lat' dir='ltr'>a-</span> 
     </span>
    </p>
   </div>
   <div class='ocr_carea' id='block_1_2' title="bbox 244 152 1508 203">
    <p class='ocr_par' dir='ltr' id='par_1_2' title="bbox 244 152 1508 203">
     <span class='ocr_line' id='line_1_2' title="bbox 244 152 1508 203; baseline 0.001 -8"><span class='ocrx_word' id='word_1_2' title='bbox 244 161 509 195; x_wconf 72' lang='lat' dir='ltr'>VALENT.</span> <span class='ocrx_word' id='word_1_3' title='bbox 543 161 676 194; x_wconf 77' lang='lat' dir='ltr'><strong>vAL.</strong></span> <span class='ocrx_word' id='word_1_4' title='bbox 714 163 785 192; x_wconf 81' lang='grc' dir='ltr'>ΕΤ</span> <span class='ocrx_word' id='word_1_5' title='bbox 825 162 1119 194; x_wconf 77' lang='lat' dir='ltr'>GRATIAN.</span> <span class='ocrx_word' id='word_1_6' title='bbox 1195 152 1308 199; x_wconf 82' lang='lat'>568.</span> <span class='ocrx_word' id='word_1_7' title='bbox 1415 160 1508 203; x_wconf 63' lang='lat'>451</span> 
     </span>
    </p>
   </div>
   <div class='ocr_carea' id='block_1_3' title="bbox 17 270 1586 2540">
    <p class='ocr_par' dir='ltr' id='par_1_3' title="bbox 17 270 1576 1162">
     <span class='ocr_line' id='line_1_3' title="bbox 100 270 1509 337; baseline 0.006 -18"><span class='ocrx_word' id='word_1_8' title='bbox 100 270 381 336; x_wconf 79' lang='lat' dir='ltr'>ambiguus,</span> <span class='ocrx_word' id='word_1_9' title='bbox 427 271 647 319; x_wconf 78' lang='lat' dir='ltr'>diffusam</span> <span class='ocrx_word' id='word_1_10' title='bbox 685 273 925 319; x_wconf 81' lang='lat' dir='ltr'>variarum</span> <span class='ocrx_word' id='word_1_11' title='bbox 968 273 1184 336; x_wconf 81' lang='lat' dir='ltr'>gentium</span> <span class='ocrx_word' id='word_1_12' title='bbox 1223 275 1416 337; x_wconf 85' lang='lat' dir='ltr'>plebem</span> <span class='ocrx_word' id='word_1_13' title='bbox 1462 294 1509 328; x_wconf 91' lang='lat' dir='ltr'>et</span> 
     </span>
     <span class='ocr_line' id='line_1_4' title="bbox 95 340 1505 405; baseline 0.006 -18"><span class='ocrx_word' id='word_1_14' title='bbox 95 340 413 389; x_wconf 79' lang='lat' dir='ltr'>ferocientem</span> <span class='ocrx_word' id='word_1_15' title='bbox 446 342 750 399; x_wconf 79' lang='lat' dir='ltr'>immaniter,</span> <span class='ocrx_word' id='word_1_16' title='bbox 790 359 890 390; x_wconf 83' lang='lat' dir='ltr'>non</span> <span class='ocrx_word' id='word_1_17' title='bbox 920 340 1008 387; x_wconf 86' lang='lat' dir='ltr'>uili</span> <span class='ocrx_word' id='word_1_18' title='bbox 1041 360 1126 405; x_wconf 85' lang='lat' dir='ltr'>per</span> <span class='ocrx_word' id='word_1_19' title='bbox 1166 342 1306 390; x_wconf 90' lang='lat' dir='ltr'>dolos</span> <span class='ocrx_word' id='word_1_20' title='bbox 1345 351 1505 395; x_wconf 88' lang='lat' dir='ltr'>occul-</span> 
     </span>
     <span class='ocr_line' id='line_1_5' title="bbox 96 409 1504 480; baseline 0.002 -25"><span class='ocrx_word' id='word_1_21' title='bbox 96 410 246 457; x_wconf 81' lang='lat' dir='ltr'><strong>tiores</strong></span> <span class='ocrx_word' id='word_1_22' title='bbox 269 424 316 458; x_wconf 88' lang='lat' dir='ltr'>et</span> <span class='ocrx_word' id='word_1_23' title='bbox 334 411 623 474; x_wconf 77' lang='lat' dir='ltr'>improvisos</span> <span class='ocrx_word' id='word_1_24' title='bbox 648 409 873 459; x_wconf 78' lang='lat' dir='ltr'><strong>excursus</strong></span> <span class='ocrx_word' id='word_1_25' title='bbox 902 410 1121 475; x_wconf 80' lang='lat' dir='ltr'>superari</span> <span class='ocrx_word' id='word_1_26' title='bbox 1152 412 1284 477; x_wconf 73' lang='lat' dir='ltr'>poll&#39;e</span> <span class='ocrx_word' id='word_1_27' title='bbox 1301 446 1314 470; x_wconf 49' lang='lat'>2,</span> <span class='ocrx_word' id='word_1_28' title='bbox 1355 418 1504 480; x_wconf 85' lang='lat' dir='ltr'>capti..</span> 
     </span>
     <span class='ocr_line' id='line_1_6' title="bbox 93 481 1500 545; baseline 0.006 -21"><span class='ocrx_word' id='word_1_29' title='bbox 93 494 268 525; x_wconf 87' lang='lat' dir='ltr'>vorum</span> <span class='ocrx_word' id='word_1_30' title='bbox 337 481 713 528; x_wconf 79' lang='lat' dir='ltr'>confellionibus</span> <span class='ocrx_word' id='word_1_31' title='bbox 783 495 829 529; x_wconf 89' lang='lat' dir='ltr'>et</span> <span class='ocrx_word' id='word_1_32' title='bbox 883 481 1240 545; x_wconf 83' lang='lat' dir='ltr'>transfugarum</span> <span class='ocrx_word' id='word_1_33' title='bbox 1304 482 1500 533; x_wconf 84' lang='lat' dir='ltr'>indiciis</span> 
     </span>
     <span class='ocr_line' id='line_1_7' title="bbox 93 546 1576 618; baseline 0.005 -25"><span class='ocrx_word' id='word_1_34' title='bbox 93 546 283 595; x_wconf 85' lang='lat' dir='ltr'>doctus.</span> <span class='ocrx_word' id='word_1_35' title='bbox 355 549 584 614; x_wconf 85' lang='lat' dir='ltr'>Denique</span> <span class='ocrx_word' id='word_1_36' title='bbox 620 550 791 597; x_wconf 89' lang='lat' dir='ltr'>edictis</span> <span class='ocrx_word' id='word_1_37' title='bbox 820 549 1080 615; x_wconf 84' lang='lat' dir='ltr'>propolitis</span> <span class='ocrx_word' id='word_1_38' title='bbox 1111 550 1499 618; x_wconf 82' lang='lat' dir='ltr'>impunitateque</span> <span class='ocrx_word' id='word_1_39' title='bbox 1524 574 1576 601; x_wconf 88' lang='lat'>10</span> 
     </span>
     <span class='ocr_line' id='line_1_8' title="bbox 90 617 1500 683; baseline 0.007 -22"><span class='ocrx_word' id='word_1_40' title='bbox 90 617 348 679; x_wconf 83' lang='lat' dir='ltr'>promiffa,</span> <span class='ocrx_word' id='word_1_41' title='bbox 401 617 668 667; x_wconf 80' lang='lat' dir='ltr'>desertores</span> <span class='ocrx_word' id='word_1_42' title='bbox 707 619 768 666; x_wconf 92' lang='lat' dir='ltr'>ad</span> <span class='ocrx_word' id='word_1_43' title='bbox 807 620 1117 683; x_wconf 87' lang='lat' dir='ltr'>procinctum</span> <span class='ocrx_word' id='word_1_44' title='bbox 1163 621 1396 679; x_wconf 79' lang='lat' dir='ltr'>vocabat,</span> <span class='ocrx_word' id='word_1_45' title='bbox 1453 637 1500 671; x_wconf 82' lang='lat' dir='ltr'>et</span> 
     </span>
     <span class='ocr_line' id='line_1_9' title="bbox 90 685 1500 755; baseline 0.006 -24"><span class='ocrx_word' id='word_1_46' title='bbox 90 685 129 749; x_wconf 83' lang='lat'>¹³)</span> <span class='ocrx_word' id='word_1_47' title='bbox 149 687 329 733; x_wconf 87' lang='lat' dir='ltr'>multos</span> <span class='ocrx_word' id='word_1_48' title='bbox 352 687 472 735; x_wconf 90' lang='lat' dir='ltr'>alios</span> <span class='ocrx_word' id='word_1_49' title='bbox 498 706 586 751; x_wconf 90' lang='lat' dir='ltr'>per</span> <span class='ocrx_word' id='word_1_50' title='bbox 614 687 801 734; x_wconf 83' lang='lat' dir='ltr'>diversa</span> <span class='ocrx_word' id='word_1_51' title='bbox 821 687 979 734; x_wconf 83' lang='lat' dir='ltr'>libero</span> <span class='ocrx_word' id='word_1_52' title='bbox 1007 703 1285 736; x_wconf 82' lang='lat' dir='ltr'>commeatu</span> <span class='ocrx_word' id='word_1_53' title='bbox 1318 690 1500 755; x_wconf 55' lang='lat' dir='ltr'>disper*</span> 
     </span>
     <span class='ocr_line' id='line_1_10' title="bbox 86 751 1505 819; baseline 0.008 -20"><span class='ocrx_word' id='word_1_54' title='bbox 86 751 180 800; x_wconf 83' lang='lat' dir='ltr'>sos.</span> <span class='ocrx_word' id='word_1_55' title='bbox 265 757 379 811; x_wconf 85' lang='lat' dir='ltr'>Quo</span> <span class='ocrx_word' id='word_1_56' title='bbox 408 757 600 802; x_wconf 87' lang='lat' dir='ltr'>monitu</span> <span class='ocrx_word' id='word_1_57' title='bbox 626 768 681 801; x_wconf 90' lang='lat' dir='ltr'>ut</span> <span class='ocrx_word' id='word_1_58' title='bbox 718 755 905 802; x_wconf 84' lang='lat' dir='ltr'>rediere</span> <span class='ocrx_word' id='word_1_59' title='bbox 943 755 1192 819; x_wconf 85' lang='lat' dir='ltr'>plerique,</span> <span class='ocrx_word' id='word_1_60' title='bbox 1248 759 1505 809; x_wconf 46' lang='lat' dir='ltr'>incentivo¹</span> 
     </span>
     <span class='ocr_line' id='line_1_11' title="bbox 85 823 1495 887; baseline 0.006 -19"><span class='ocrx_word' id='word_1_61' title='bbox 85 824 325 885; x_wconf 78' lang='lat' dir='ltr'>percitus,</span> <span class='ocrx_word' id='word_1_62' title='bbox 356 837 668 887; x_wconf 81' lang='lat' dir='ltr'>retentusque</span> <span class='ocrx_word' id='word_1_63' title='bbox 687 823 837 870; x_wconf 83' lang='lat' dir='ltr'>anxiis</span> <span class='ocrx_word' id='word_1_64' title='bbox 857 823 985 870; x_wconf 86' lang='lat' dir='ltr'>curis</span> <span class='ocrx_word' id='word_1_65' title='bbox 1001 861 1014 885; x_wconf 81' lang='grc'>,</span> <span class='ocrx_word' id='word_1_66' title='bbox 1061 824 1267 873; x_wconf 88' lang='lat' dir='ltr'>Civilem</span> <span class='ocrx_word' id='word_1_67' title='bbox 1293 830 1495 878; x_wconf 87' lang='lat' dir='ltr'>nomine</span> 
     </span>
     <span class='ocr_line' id='line_1_12' title="bbox 83 891 1495 961; baseline 0.006 -24"><span class='ocrx_word' id='word_1_68' title='bbox 83 905 330 938; x_wconf 84' lang='lat' dir='ltr'>recturum</span> <span class='ocrx_word' id='word_1_69' title='bbox 363 891 635 940; x_wconf 77' lang='lat' dir='ltr'>Britannias</span> <span class='ocrx_word' id='word_1_70' title='bbox 664 909 756 957; x_wconf 84' lang='lat' dir='ltr'>pro</span> <span class='ocrx_word' id='word_1_71' title='bbox 785 893 1038 956; x_wconf 86' lang='lat' dir='ltr'>praefectis</span> <span class='ocrx_word' id='word_1_72' title='bbox 1073 893 1135 939; x_wconf 91' lang='lat' dir='ltr'>ad</span> <span class='ocrx_word' id='word_1_73' title='bbox 1171 893 1220 942; x_wconf 83' lang='lat' dir='ltr'>se</span> <span class='ocrx_word' id='word_1_74' title='bbox 1258 896 1495 961; x_wconf 80' lang='lat' dir='ltr'>poposce-</span> 
     </span>
     <span class='ocr_line' id='line_1_13' title="bbox 83 960 1491 1025; baseline 0.006 -19"><span class='ocrx_word' id='word_1_75' title='bbox 83 973 156 1006; x_wconf 86' lang='lat' dir='ltr'>rat</span> <span class='ocrx_word' id='word_1_76' title='bbox 181 961 334 1020; x_wconf 88' lang='lat' dir='ltr'>mitti,</span> <span class='ocrx_word' id='word_1_77' title='bbox 371 961 529 1008; x_wconf 88' lang='lat' dir='ltr'>virum</span> <span class='ocrx_word' id='word_1_78' title='bbox 549 961 755 1008; x_wconf 82' lang='lat' dir='ltr'>&#39;acrioris</span> <span class='ocrx_word' id='word_1_79' title='bbox 776 962 985 1025; x_wconf 83' lang='lat' dir='ltr'>ingenii,</span> <span class='ocrx_word' id='word_1_80' title='bbox 1019 960 1100 1009; x_wconf 84' lang='lat' dir='ltr'>sed</span> <span class='ocrx_word' id='word_1_81' title='bbox 1135 962 1245 1010; x_wconf 84' lang='lat' dir='ltr'>iusti</span> <span class='ocrx_word' id='word_1_82' title='bbox 1270 978 1491 1015; x_wconf 86' lang='lat' dir='ltr'>tenacem</span> 
     </span>
     <span class='ocr_line' id='line_1_14' title="bbox 83 1029 1490 1095; baseline 0.007 -20"><span class='ocrx_word' id='word_1_83' title='bbox 83 1042 130 1075; x_wconf 87' lang='lat' dir='ltr'>et</span> <span class='ocrx_word' id='word_1_84' title='bbox 164 1031 308 1076; x_wconf 86' lang='lat' dir='ltr'>recti:</span> <span class='ocrx_word' id='word_1_85' title='bbox 356 1029 628 1095; x_wconf 87' lang='lat' dir='ltr'>itidemque</span> <span class='ocrx_word' id='word_1_86' title='bbox 657 1030 960 1091; x_wconf 79' lang='lat' dir='ltr'>Dulcitium‚</span> <span class='ocrx_word' id='word_1_87' title='bbox 1006 1029 1183 1077; x_wconf 86' lang='lat' dir='ltr'>ducem</span> <span class='ocrx_word' id='word_1_88' title='bbox 1199 1030 1398 1083; x_wconf 81' lang='lat' dir='ltr'>scientia</span> <span class='ocrx_word' id='word_1_89' title='bbox 1420 1037 1490 1085; x_wconf 84' lang='lat' dir='ltr'>rei</span> 
     </span>
     <span class='ocr_line' id='line_1_15' title="bbox 17 1095 572 1162; baseline 0.002 -19"><span class='ocrx_word' id='word_1_90' title='bbox 17 1095 24 1102; x_wconf 39' lang='lat'>⁸</span> <span class='ocrx_word' id='word_1_91' title='bbox 79 1098 302 1145; x_wconf 85' lang='lat' dir='ltr'>militaris</span> <span class='ocrx_word' id='word_1_92' title='bbox 322 1095 572 1162; x_wconf 75' lang='lat' dir='ltr'>infignem.</span> 
     </span>
    </p>

    <p class='ocr_par' dir='ltr' id='par_1_4' title="bbox 65 1164 1530 2058">
     <span class='ocr_line' id='line_1_16' title="bbox 181 1164 1530 1229; baseline 0.002 -15"><span class='ocrx_word' id='word_1_93' title='bbox 181 1167 273 1214; x_wconf 88' lang='lat' dir='ltr'>IX.</span> <span class='ocrx_word' id='word_1_94' title='bbox 325 1168 461 1214; x_wconf 84' lang='lat' dir='ltr'>Haec</span> <span class='ocrx_word' id='word_1_95' title='bbox 503 1169 555 1213; x_wconf 88' lang='lat' dir='ltr'>in</span> <span class='ocrx_word' id='word_1_96' title='bbox 595 1164 860 1213; x_wconf 85' lang='lat' dir='ltr'>Britanniis</span> <span class='ocrx_word' id='word_1_97' title='bbox 900 1166 1177 1229; x_wconf 83' lang='lat' dir='ltr'>agebantur.</span> <span class='ocrx_word' id='word_1_98' title='bbox 1266 1164 1488 1219; x_wconf 84' lang='lat' dir='ltr'>Africam</span> <span class='ocrx_word' id='word_1_99' title='bbox 1512 1187 1530 1217; x_wconf 81' lang='lat'>1</span> 
     </span>
     <span class='ocr_line' id='line_1_17' title="bbox 77 1233 1488 1300; baseline 0.004 -18"><span class='ocrx_word' id='word_1_100' title='bbox 77 1251 195 1282; x_wconf 87' lang='lat' dir='ltr'>vero</span> <span class='ocrx_word' id='word_1_101' title='bbox 220 1237 314 1282; x_wconf 89' lang='lat' dir='ltr'>iam</span> <span class='ocrx_word' id='word_1_102' title='bbox 337 1236 452 1283; x_wconf 86' lang='lat' dir='ltr'>inde</span> <span class='ocrx_word' id='word_1_103' title='bbox 472 1238 532 1283; x_wconf 87' lang='lat' dir='ltr'>ab</span> <span class='ocrx_word' id='word_1_104' title='bbox 555 1233 754 1283; x_wconf 80' lang='lat' dir='ltr'>exordio</span> <span class='ocrx_word' id='word_1_105' title='bbox 788 1234 1121 1283; x_wconf 84' lang='lat' dir='ltr'>Valentiniani</span> <span class='ocrx_word' id='word_1_106' title='bbox 1150 1237 1346 1300; x_wconf 86' lang='lat' dir='ltr'>imperii</span> <span class='ocrx_word' id='word_1_107' title='bbox 1377 1259 1488 1288; x_wconf 58' lang='lat' dir='ltr'>exue·</span> 
     </span>
     <span class='ocr_line' id='line_1_18' title="bbox 77 1304 1481 1368; baseline 0.005 -18"><span class='ocrx_word' id='word_1_108' title='bbox 77 1304 215 1352; x_wconf 86' lang='lat' dir='ltr'>rebat</span> <span class='ocrx_word' id='word_1_109' title='bbox 241 1305 494 1352; x_wconf 79' lang='lat' dir='ltr'>barbarica</span> <span class='ocrx_word' id='word_1_110' title='bbox 524 1305 707 1365; x_wconf 82' lang='lat' dir='ltr'>rabies,</span> <span class='ocrx_word' id='word_1_111' title='bbox 750 1319 838 1367; x_wconf 86' lang='lat' dir='ltr'>per</span> <span class='ocrx_word' id='word_1_112' title='bbox 882 1304 1140 1368; x_wconf 80' lang='lat' dir='ltr'>procursus</span> <span class='ocrx_word' id='word_1_113' title='bbox 1170 1306 1481 1357; x_wconf 82' lang='lat' dir='ltr'>audentiores</span> 
     </span>
     <span class='ocr_line' id='line_1_19' title="bbox 77 1371 1483 1437; baseline 0.005 -18"><span class='ocrx_word' id='word_1_114' title='bbox 77 1386 125 1419; x_wconf 84' lang='lat' dir='ltr'>et</span> <span class='ocrx_word' id='word_1_115' title='bbox 148 1374 333 1420; x_wconf 85' lang='lat' dir='ltr'>crebris</span> <span class='ocrx_word' id='word_1_116' title='bbox 356 1374 588 1421; x_wconf 86' lang='lat' dir='ltr'>caedibus</span> <span class='ocrx_word' id='word_1_117' title='bbox 611 1387 659 1420; x_wconf 86' lang='lat' dir='ltr'>et</span> <span class='ocrx_word' id='word_1_118' title='bbox 691 1371 873 1437; x_wconf 84' lang='lat' dir='ltr'>rapinis</span> <span class='ocrx_word' id='word_1_119' title='bbox 904 1374 1101 1421; x_wconf 83' lang='lat' dir='ltr'>intenta.</span> <span class='ocrx_word' id='word_1_120' title='bbox 1186 1376 1346 1432; x_wconf 86' lang='lat' dir='ltr'>Quam</span> <span class='ocrx_word' id='word_1_121' title='bbox 1379 1397 1483 1426; x_wconf 85' lang='lat' dir='ltr'>rem</span> 
     </span>
     <span class='ocr_line' id='line_1_20' title="bbox 74 1440 1480 1511; baseline 0.006 -25"><span class='ocrx_word' id='word_1_122' title='bbox 74 1441 298 1490; x_wconf 85' lang='lat' dir='ltr'>militaris</span> <span class='ocrx_word' id='word_1_123' title='bbox 320 1444 526 1507; x_wconf 83' lang='lat' dir='ltr'>augebat</span> <span class='ocrx_word' id='word_1_124' title='bbox 549 1440 767 1490; x_wconf 84' lang='lat' dir='ltr'>secordia</span> <span class='ocrx_word' id='word_1_125' title='bbox 782 1478 793 1500; x_wconf 87' lang='lat'>‚</span> <span class='ocrx_word' id='word_1_126' title='bbox 822 1455 865 1488; x_wconf 87' lang='lat' dir='ltr'>et</span> <span class='ocrx_word' id='word_1_127' title='bbox 887 1441 1039 1488; x_wconf 87' lang='lat' dir='ltr'>aliena</span> <span class='ocrx_word' id='word_1_128' title='bbox 1062 1443 1325 1491; x_wconf 87' lang='lat' dir='ltr'>invadendi</span> <span class='ocrx_word' id='word_1_129' title='bbox 1345 1449 1480 1511; x_wconf 84' lang='lat' dir='ltr'>cupi-</span> 
     </span>
     <span class='ocr_line' id='line_1_21' title="bbox 74 1509 1527 1577; baseline 0.007 -22"><span class='ocrx_word' id='word_1_130' title='bbox 74 1509 224 1572; x_wconf 79' lang='lat' dir='ltr'>ditas,</span> <span class='ocrx_word' id='word_1_131' title='bbox 270 1512 574 1577; x_wconf 84' lang='lat' dir='ltr'>maximeque</span> <span class='ocrx_word' id='word_1_132' title='bbox 609 1510 816 1558; x_wconf 79' lang='lat' dir='ltr'>Romani</span> <span class='ocrx_word' id='word_1_133' title='bbox 845 1511 1042 1557; x_wconf 85' lang='lat' dir='ltr'>nomine</span> <span class='ocrx_word' id='word_1_134' title='bbox 1074 1513 1296 1560; x_wconf 86' lang='lat' dir='ltr'>Comitis.</span> <span class='ocrx_word' id='word_1_135' title='bbox 1378 1516 1527 1571; x_wconf 65' lang='lat' dir='ltr'>Quia</span> 
     </span>
     <span class='ocr_line' id='line_1_22' title="bbox 73 1577 1477 1645; baseline 0.004 -19"><span class='ocrx_word' id='word_1_136' title='bbox 73 1580 267 1627; x_wconf 87' lang='lat' dir='ltr'>venturi</span> <span class='ocrx_word' id='word_1_137' title='bbox 289 1582 541 1645; x_wconf 79' lang='lat' dir='ltr'>providus,</span> <span class='ocrx_word' id='word_1_138' title='bbox 569 1577 1029 1642; x_wconf 86' lang='lat' dir='ltr'>transferendaeque</span> <span class='ocrx_word' id='word_1_139' title='bbox 1052 1581 1102 1626; x_wconf 91' lang='lat' dir='ltr'>in</span> <span class='ocrx_word' id='word_1_140' title='bbox 1124 1581 1242 1627; x_wconf 85' lang='lat' dir='ltr'>alios</span> <span class='ocrx_word' id='word_1_141' title='bbox 1264 1583 1477 1633; x_wconf 89' lang='lat' dir='ltr'>invidiae</span> 
     </span>
     <span class='ocr_line' id='line_1_23' title="bbox 72 1648 1478 1713; baseline 0.002 -17"><span class='ocrx_word' id='word_1_142' title='bbox 72 1649 270 1710; x_wconf 75' lang='lat' dir='ltr'>artifeX,</span> <span class='ocrx_word' id='word_1_143' title='bbox 318 1648 515 1697; x_wconf 85' lang='lat' dir='ltr'>saevitia</span> <span class='ocrx_word' id='word_1_144' title='bbox 557 1666 752 1696; x_wconf 89' lang='lat' dir='ltr'>morum</span> <span class='ocrx_word' id='word_1_145' title='bbox 792 1648 954 1694; x_wconf 89' lang='lat' dir='ltr'>multis</span> <span class='ocrx_word' id='word_1_146' title='bbox 993 1660 1094 1695; x_wconf 83' lang='lat' dir='ltr'>erat</span> <span class='ocrx_word' id='word_1_147' title='bbox 1139 1649 1334 1713; x_wconf 80' lang='lat' dir='ltr'>exosus,</span> <span class='ocrx_word' id='word_1_148' title='bbox 1387 1653 1478 1702; x_wconf 86' lang='lat' dir='ltr'>hac</span> 
     </span>
     <span class='ocr_line' id='line_1_24' title="bbox 70 1715 1477 1783; baseline 0.005 -21"><span class='ocrx_word' id='word_1_149' title='bbox 70 1717 333 1781; x_wconf 86' lang='lat' dir='ltr'>praecipue</span> <span class='ocrx_word' id='word_1_150' title='bbox 354 1718 517 1779; x_wconf 74' lang='lat' dir='ltr'>causa,</span> <span class='ocrx_word' id='word_1_151' title='bbox 554 1716 690 1783; x_wconf 91' lang='lat' dir='ltr'>quod</span> <span class='ocrx_word' id='word_1_152' title='bbox 712 1715 937 1779; x_wconf 81' lang='lat' dir='ltr'>superare</span> <span class='ocrx_word' id='word_1_153' title='bbox 967 1716 1126 1764; x_wconf 80' lang='lat' dir='ltr'>hostes</span> <span class='ocrx_word' id='word_1_154' title='bbox 1155 1719 1206 1765; x_wconf 90' lang='lat' dir='ltr'>in</span> <span class='ocrx_word' id='word_1_155' title='bbox 1236 1721 1477 1770; x_wconf 89' lang='lat' dir='ltr'>vastandis</span> 
     </span>
     <span class='ocr_line' id='line_1_25' title="bbox 69 1785 1479 1850; baseline 0.005 -19"><span class='ocrx_word' id='word_1_156' title='bbox 69 1786 338 1849; x_wconf 86' lang='lat' dir='ltr'>provinciis</span> <span class='ocrx_word' id='word_1_157' title='bbox 364 1787 645 1842; x_wconf 82' lang='lat' dir='ltr'>festinabat,</span> <span class='ocrx_word' id='word_1_158' title='bbox 698 1785 945 1832; x_wconf 86' lang='lat' dir='ltr'>adfinitate</span> <span class='ocrx_word' id='word_1_159' title='bbox 983 1786 1191 1850; x_wconf 83' lang='lat' dir='ltr'>Remigii</span> <span class='ocrx_word' id='word_1_160' title='bbox 1229 1802 1344 1836; x_wconf 89' lang='lat' dir='ltr'>tunc</span> <span class='ocrx_word' id='word_1_161' title='bbox 1381 1810 1479 1838; x_wconf 82' lang='lat' dir='ltr'>ma·-</span> 
     </span>
     <span class='ocr_line' id='line_1_26' title="bbox 71 1854 1475 1920; baseline 0.004 -20"><span class='ocrx_word' id='word_1_162' title='bbox 71 1854 202 1917; x_wconf 83' lang='lat' dir='ltr'>gistri</span> <span class='ocrx_word' id='word_1_163' title='bbox 224 1856 257 1920; x_wconf 87' lang='lat'>¹)</span> <span class='ocrx_word' id='word_1_164' title='bbox 278 1856 552 1903; x_wconf 88' lang='lat' dir='ltr'>officiorum</span> <span class='ocrx_word' id='word_1_165' title='bbox 572 1854 780 1902; x_wconf 80' lang='lat' dir='ltr'>confisus</span> <span class='ocrx_word' id='word_1_166' title='bbox 801 1873 809 1900; x_wconf 81' lang='lat'>2</span> <span class='ocrx_word' id='word_1_167' title='bbox 852 1872 951 1918; x_wconf 90' lang='lat' dir='ltr'>quo</span> <span class='ocrx_word' id='word_1_168' title='bbox 981 1873 1127 1918; x_wconf 85' lang='lat' dir='ltr'>prava</span> <span class='ocrx_word' id='word_1_169' title='bbox 1157 1870 1204 1903; x_wconf 88' lang='lat' dir='ltr'>et</span> <span class='ocrx_word' id='word_1_170' title='bbox 1234 1861 1475 1907; x_wconf 84' lang='lat' dir='ltr'>contraria</span> 
     </span>
     <span class='ocr_line' id='line_1_27' title="bbox 69 1923 1476 1990; baseline 0.005 -22"><span class='ocrx_word' id='word_1_171' title='bbox 69 1924 335 1984; x_wconf 80' lang='lat' dir='ltr'>referente,</span> <span class='ocrx_word' id='word_1_172' title='bbox 372 1924 606 1989; x_wconf 83' lang='lat' dir='ltr'>Princeps</span> <span class='ocrx_word' id='word_1_173' title='bbox 624 1926 697 1990; x_wconf 86' lang='lat' dir='ltr'>(ut</span> <span class='ocrx_word' id='word_1_174' title='bbox 722 1941 834 1987; x_wconf 86' lang='lat' dir='ltr'>prae</span> <span class='ocrx_word' id='word_1_175' title='bbox 857 1923 903 1970; x_wconf 80' lang='lat' dir='ltr'>fe</span> <span class='ocrx_word' id='word_1_176' title='bbox 926 1924 1113 1971; x_wconf 83' lang='lat' dir='ltr'>ferebat</span> <span class='ocrx_word' id='word_1_177' title='bbox 1134 1924 1253 1990; x_wconf 85' lang='lat' dir='ltr'>ipse)</span> <span class='ocrx_word' id='word_1_178' title='bbox 1277 1928 1476 1975; x_wconf 61' lang='lat' dir='ltr'>cautissiae</span> 
     </span>
     <span class='ocr_line' id='line_1_28' title="bbox 65 1990 1468 2058; baseline 0.004 -20"><span class='ocrx_word' id='word_1_179' title='bbox 65 2004 175 2039; x_wconf 86' lang='lat' dir='ltr'>mus</span> <span class='ocrx_word' id='word_1_180' title='bbox 195 1993 447 2040; x_wconf 83' lang='lat' dir='ltr'>lacrimosa</span> <span class='ocrx_word' id='word_1_181' title='bbox 468 1993 724 2058; x_wconf 90' lang='lat' dir='ltr'>dispendia</span> <span class='ocrx_word' id='word_1_182' title='bbox 744 1990 926 2038; x_wconf 88' lang='lat' dir='ltr'>diutius</span> <span class='ocrx_word' id='word_1_183' title='bbox 955 1993 1194 2055; x_wconf 81' lang='lat' dir='ltr'>ignoravit</span> <span class='ocrx_word' id='word_1_184' title='bbox 1217 1996 1468 2043; x_wconf 88' lang='lat' dir='ltr'>Afrorum.</span> 
     </span>
    </p>

    <p class='ocr_par' dir='ltr' id='par_1_5' title="bbox 65 2060 1586 2540">
     <span class='ocr_line' id='line_1_29' title="bbox 165 2060 1586 2128; baseline 0.001 -19"><span class='ocrx_word' id='word_1_185' title='bbox 165 2061 424 2110; x_wconf 85' lang='lat' dir='ltr'>Gestorum</span> <span class='ocrx_word' id='word_1_186' title='bbox 445 2076 604 2110; x_wconf 86' lang='lat' dir='ltr'>autem</span> <span class='ocrx_word' id='word_1_187' title='bbox 623 2079 710 2125; x_wconf 86' lang='lat' dir='ltr'>per</span> <span class='ocrx_word' id='word_1_188' title='bbox 732 2078 808 2107; x_wconf 88' lang='lat' dir='ltr'>eas</span> <span class='ocrx_word' id='word_1_189' title='bbox 828 2061 1048 2124; x_wconf 86' lang='lat' dir='ltr'>regiones</span> <span class='ocrx_word' id='word_1_190' title='bbox 1070 2060 1237 2110; x_wconf 83' lang='lat' dir='ltr'>seriem</span> <span class='ocrx_word' id='word_1_191' title='bbox 1259 2066 1468 2127; x_wconf 79' lang='lat' dir='ltr'>plenam,</span> <span class='ocrx_word' id='word_1_192' title='bbox 1490 2072 1519 2120; x_wconf 76' lang='grc'><strong>3</strong></span> <span class='ocrx_word' id='word_1_193' title='bbox 1582 2123 1586 2128; x_wconf 81' lang='lat'>‚</span> 
     </span>
     <span class='ocr_line' id='line_1_30' title="bbox 68 2129 1470 2194; baseline 0.004 -19"><span class='ocrx_word' id='word_1_194' title='bbox 68 2140 116 2172; x_wconf 88' lang='lat' dir='ltr'>et</span> <span class='ocrx_word' id='word_1_195' title='bbox 144 2129 331 2177; x_wconf 85' lang='lat' dir='ltr'>Ruricii</span> <span class='ocrx_word' id='word_1_196' title='bbox 365 2130 592 2194; x_wconf 81' lang='lat' dir='ltr'>praesidis</span> <span class='ocrx_word' id='word_1_197' title='bbox 618 2131 987 2193; x_wconf 83' lang='lat' dir='ltr'>legatorumque</span> <span class='ocrx_word' id='word_1_198' title='bbox 1016 2145 1249 2192; x_wconf 82' lang='lat' dir='ltr'>mortem,</span> <span class='ocrx_word' id='word_1_199' title='bbox 1294 2147 1340 2180; x_wconf 89' lang='lat' dir='ltr'>ct</span> <span class='ocrx_word' id='word_1_200' title='bbox 1366 2152 1470 2181; x_wconf 86' lang='lat' dir='ltr'>cae-</span> 
     </span>
     <span class='ocr_line' id='line_1_31' title="bbox 65 2198 1468 2263; baseline 0.004 -21"><span class='ocrx_word' id='word_1_201' title='bbox 65 2207 168 2244; x_wconf 86' lang='lat' dir='ltr'>tera</span> <span class='ocrx_word' id='word_1_202' title='bbox 202 2198 448 2260; x_wconf 81' lang='lat' dir='ltr'>luctuosa,</span> <span class='ocrx_word' id='word_1_203' title='bbox 485 2218 598 2246; x_wconf 85' lang='lat' dir='ltr'>cum</span> <span class='ocrx_word' id='word_1_204' title='bbox 627 2199 842 2262; x_wconf 80' lang='lat' dir='ltr'>adegerit</span> <span class='ocrx_word' id='word_1_205' title='bbox 870 2200 1021 2261; x_wconf 78' lang='lat' dir='ltr'>ratio,</span> <span class='ocrx_word' id='word_1_206' title='bbox 1075 2200 1353 2263; x_wconf 80' lang='lat' dir='ltr'>diligentius</span> <span class='ocrx_word' id='word_1_207' title='bbox 1392 2219 1468 2248; x_wconf 83' lang='lat' dir='ltr'>ex-</span> 
     </span>
     <span class='ocr_line' id='line_1_32' title="bbox 65 2265 1515 2333; baseline 0.004 -23"><span class='ocrx_word' id='word_1_208' title='bbox 65 2265 276 2328; x_wconf 85' lang='lat' dir='ltr'>plicabo.</span> <span class='ocrx_word' id='word_1_209' title='bbox 361 2267 425 2315; x_wconf 90' lang='lat' dir='ltr'>Et</span> <span class='ocrx_word' id='word_1_210' title='bbox 464 2267 694 2333; x_wconf 86' lang='lat' dir='ltr'>quoniam</span> <span class='ocrx_word' id='word_1_211' title='bbox 739 2266 868 2314; x_wconf 83' lang='lat' dir='ltr'>adest</span> <span class='ocrx_word' id='word_1_212' title='bbox 904 2268 1030 2315; x_wconf 87' lang='lat' dir='ltr'>liber</span> <span class='ocrx_word' id='word_1_213' title='bbox 1073 2269 1209 2315; x_wconf 87' lang='lat' dir='ltr'>locus</span> <span class='ocrx_word' id='word_1_214' title='bbox 1252 2269 1515 2333; x_wconf 66' lang='lat' dir='ltr'>dicendi74</span> 
     </span>
     <span class='ocr_line' id='line_1_33' title="bbox 67 2334 1469 2401; baseline 0.003 -19"><span class='ocrx_word' id='word_1_215' title='bbox 67 2351 191 2397; x_wconf 88' lang='lat' dir='ltr'>quae</span> <span class='ocrx_word' id='word_1_216' title='bbox 224 2334 478 2398; x_wconf 80' lang='lat' dir='ltr'>sentimus,</span> <span class='ocrx_word' id='word_1_217' title='bbox 519 2351 681 2401; x_wconf 86' lang='lat' dir='ltr'>aperte</span> <span class='ocrx_word' id='word_1_218' title='bbox 714 2336 996 2400; x_wconf 87' lang='lat' dir='ltr'>loquamur:</span> <span class='ocrx_word' id='word_1_219' title='bbox 1043 2337 1173 2383; x_wconf 91' lang='lat' dir='ltr'>huuc</span> <span class='ocrx_word' id='word_1_220' title='bbox 1201 2337 1469 2401; x_wconf 83' lang='lat' dir='ltr'>Imperato-</span> 
     </span>
     <span class='ocr_line' id='line_1_34' title="bbox 66 2405 1468 2470; baseline 0.004 -21"><span class='ocrx_word' id='word_1_221' title='bbox 66 2420 169 2450; x_wconf 85' lang='lat' dir='ltr'>rem</span> <span class='ocrx_word' id='word_1_222' title='bbox 201 2406 421 2453; x_wconf 88' lang='lat' dir='ltr'>omnium</span> <span class='ocrx_word' id='word_1_223' title='bbox 451 2406 663 2470; x_wconf 84' lang='lat' dir='ltr'>primum</span> <span class='ocrx_word' id='word_1_224' title='bbox 693 2405 741 2450; x_wconf 88' lang='lat' dir='ltr'>in</span> <span class='ocrx_word' id='word_1_225' title='bbox 777 2406 930 2451; x_wconf 80' lang='lat' dir='ltr'>maius</span> <span class='ocrx_word' id='word_1_226' title='bbox 966 2405 1194 2451; x_wconf 85' lang='lat' dir='ltr'>militares</span> <span class='ocrx_word' id='word_1_227' title='bbox 1230 2406 1372 2453; x_wconf 80' lang='lat' dir='ltr'>fastus</span> <span class='ocrx_word' id='word_1_228' title='bbox 1404 2408 1468 2454; x_wconf 88' lang='lat' dir='ltr'>ad</span> 
     </span>
     <span class='ocr_line' id='line_1_35' title="bbox 66 2471 1464 2540; baseline 0.003 -22"><span class='ocrx_word' id='word_1_229' title='bbox 66 2471 239 2521; x_wconf 85' lang='lat' dir='ltr'>damna</span> <span class='ocrx_word' id='word_1_230' title='bbox 261 2493 422 2523; x_wconf 85' lang='lat' dir='ltr'>rerum</span> <span class='ocrx_word' id='word_1_231' title='bbox 445 2473 623 2522; x_wconf 76' lang='lat' dir='ltr'>auxiffe</span> <span class='ocrx_word' id='word_1_232' title='bbox 649 2475 1009 2533; x_wconf 76' lang='lat' dir='ltr'>communium,</span> <span class='ocrx_word' id='word_1_233' title='bbox 1041 2473 1297 2536; x_wconf 84' lang='lat' dir='ltr'>dignitates</span> <span class='ocrx_word' id='word_1_234' title='bbox 1326 2493 1464 2540; x_wconf 82' lang='lat' dir='ltr'>opes-</span> 
     </span>
    </p>
   </div>
   <div class='ocr_carea' id='block_1_4' title="bbox 706 2542 841 2588">
    <p class='ocr_par' dir='ltr' id='par_1_6' title="bbox 706 2542 841 2588">
     <span class='ocr_line' id='line_1_36' title="bbox 706 2542 841 2588; baseline 0 0"><span class='ocrx_word' id='word_1_235' title='bbox 706 2542 841 2588; x_wconf 79' lang='lat' dir='ltr'>Ff2</span> 
     </span>
    </p>
   </div>
   <div class='ocr_carea' id='block_1_5' title="bbox 434 2628 657 2637">
    <p class='ocr_par' dir='ltr' id='par_1_7' title="bbox 434 2628 657 2637">
     <span class='ocr_line' id='line_1_37' title="bbox 434 2628 657 2637; baseline 0 507"><span class='ocrx_word' id='word_1_236' title='bbox 434 2628 657 2637; x_wconf 95' lang='lat' dir='ltr'> </span> 
     </span>
    </p>
   </div>
   <div class='ocr_carea' id='block_1_6' title="bbox 111 2723 1469 2773">
    <p class='ocr_par' dir='ltr' id='par_1_8' title="bbox 111 2723 1469 2773">
     <span class='ocr_line' id='line_1_38' title="bbox 111 2723 1469 2773; baseline -0.004 -8"><span class='ocrx_word' id='word_1_237' title='bbox 111 2731 147 2771; x_wconf 82' lang='lat'>8)</span> <span class='ocrx_word' id='word_1_238' title='bbox 174 2731 219 2765; x_wconf 70' lang='grc' dir='ltr'>τὸ</span> <span class='ocrx_word' id='word_1_239' title='bbox 254 2731 350 2764; x_wconf 68' lang='lat' dir='ltr'>alios</span> <span class='ocrx_word' id='word_1_240' title='bbox 381 2728 477 2764; x_wconf 67' lang='lat' dir='ltr'>deest</span> <span class='ocrx_word' id='word_1_241' title='bbox 508 2727 590 2773; x_wconf 62' lang='lat' dir='ltr'>vulg</span> <span class='ocrx_word' id='word_1_242' title='bbox 664 2738 693 2771; x_wconf 61' lang='grc' dir='ltr'>ι)</span> <span class='ocrx_word' id='word_1_243' title='bbox 720 2730 769 2764; x_wconf 71' lang='lat' dir='ltr'>lta</span> <span class='ocrx_word' id='word_1_244' title='bbox 792 2727 856 2762; x_wconf 60' lang='lat' dir='ltr'>:ms</span> <span class='ocrx_word' id='word_1_245' title='bbox 893 2738 923 2761; x_wconf 73' lang='grc' dir='ltr'>κῑ</span> <span class='ocrx_word' id='word_1_246' title='bbox 956 2725 1076 2773; x_wconf 69' lang='lat' dir='ltr'>steph</span> <span class='ocrx_word' id='word_1_247' title='bbox 1140 2724 1179 2759; x_wconf 77' lang='lat' dir='ltr'>In</span> <span class='ocrx_word' id='word_1_248' title='bbox 1208 2723 1286 2760; x_wconf 75' lang='lat' dir='ltr'>aliis</span> <span class='ocrx_word' id='word_1_249' title='bbox 1321 2727 1363 2763; x_wconf 69' lang='grc' dir='ltr'>τι)</span> <span class='ocrx_word' id='word_1_250' title='bbox 1389 2740 1469 2760; x_wconf 74' lang='grc' dir='ltr'>συη-</span> 
     </span>
    </p>
   </div>
   <div class='ocr_carea' id='block_1_7' title="bbox 66 2775 287 2822">
    <p class='ocr_par' dir='ltr' id='par_1_9' title="bbox 66 2775 287 2822">
     <span class='ocr_line' id='line_1_39' title="bbox 66 2775 287 2822; baseline -0.005 -13"><span class='ocrx_word' id='word_1_251' title='bbox 66 2776 152 2822; x_wconf 66' lang='lat' dir='ltr'>ssjics</span> <span class='ocrx_word' id='word_1_252' title='bbox 181 2775 287 2811; x_wconf 69' lang='lat' dir='ltr'>det-st.</span> 
     </span>
    </p>
   </div>
  </div>
 </body>
</html>
