1727 3144
256 128 807 183 VALENff'INxalvsn‘r
845 135 1105 169 vatnns.
1180 126 1298 172 566.
1400 127 1496 172 425

87 246 201 293 bilis
222 246 394 295 census
413 244 775 295 inaestimabilis
793 246 1017 311 plenam:
1059 245 1176 294 ide'o
1199 246 1495 312 indignatus,

87 315 225 379 quod
244 317 410 365 venire
432 316 493 363 ad
517 335 628 364 eum
651 316 830 364 accitus
853 313 1112 381 aliquoties
1137 313 1352 377 distulit,
1388 337 1497 366 cau-

87 383 212 431 satus
249 385 566 433 incommoda
601 384 862 433 senectutis
892 398 941 432 et
976 385 1190 432 morbos.
1285 384 1349 432 Et
1383 387 1497 435 licet
1522 387 1575 442 ¹4

86 452 180 500 hac
210 473 266 501 ex
288 454 426 502 causa
446 453 783 521 praesumptor
803 468 1108 502 momentum
1136 453 1500 518 pertimesceret

83 539 260 600 grave,
293 539 454 572 tamen
470 562 482 585 ,
519 543 632 571 cum
658 523 914 571 obsistente
934 524 1071 585 nullo
1093 521 1140 570 se
1165 523 1215 570 in
1232 523 1499 571 'orientales

87 593 366 653 provincias
407 593 655 658 effundere
683 593 860 644 libenti
891 606 1186 640 cunctorum
1217 590 1500 640 adsenlione

84 659 184 706 inm
209 663 432 710 licentius
455 662 635 727 posset,
663 661 831 708 avidas
851 662 1117 709 novitatem
1141 661 1407 726 quamdam
1435 662 1504 708 vi-

83 726 185 776 fere
208 731 369 778 taedio
389 727 679 794 aspe1i01is
666 728 888 806 ιωΡειΗίὶ,
919 746 1018 793 quo
1038 743 1154 777 tunc
1177 732 1499 788 tenebantur:

85 814 195 860 e1ga
218 799 498 845 alliciendas
531 796 764 860 quasdam
787 797 1007 844 civitates
1036 797 1201 859 Aliae,
1245 799 1503 865 legendos-

84 884 180 930 que
214 867 417 915 eruendi
450 867 634 930 peritos
669 865 797 927 auri,
843 881 898 914 ut
925 866 1018 914 fibi
1042 868 1330 931 profuturos
1360 886 1505 932 proe-

81 934 187 996 liis,
251 953 376 1001 quae
414 954 588 1013 magna
629 935 937 999 exspectabat
976 950 1024 984 et
1060 938 1258 998 crebra,
1309 937 1501 1000 segnius

79 1019 442 1066 commor3atus
478 1006 529 1051 in
551 1003 758 1051 modum
777 1004 907 1051 acuti
929 1006 1178 1052 mucronis
1195 1006 1397 1053 obtusus
1419 1007 1499 1053 est.

84 1072 150 1119 Ut
181 1074 432 1138 quondam
479 1072 772 1120 Pescennius
812 1072 967 1136 Niger
1003 1072 1066 1119 ad
1113 1071 1500 1122 subveniendum
1527 1082 1578 1128 ¹5

78 1139 182 1205 spei
214 1161 377 1190 ieium
407 1156 647 1190 extremae
675 1159 700 1187 a
734 1142 922 1224 populo
955 1141 1180 1189 Romano
1211 1142 1354 1208 saepe
1378 1145 1502 1191 acci-

79 1223 182 1272 tus,
227 1211 346 1259 dum
379 1211 465 1258 diu
493 1223 749 1258 cunctatur
784 1210 833 1257 in
855 1210 1023 1275 Syiia,
1055 1229 1083 1257 a
1105 1213 1290 1259 Seve1o
1314 1212 1503 1277 supera-

80 1293 157 1327 tus
189 1280 238 1327 in
269 1279 374 1328 finu
402 1280 548 1327 Issico
581 1279 688 1344 (qui
719 1279 832 1326 est
820 1297 871 1325 m
914 1279 1113 1340 Cilicia,
1161 1281 1250 1327 ubi
1282 1282 1500 1328 Dareum

81 1348 357 1398 Alexander
379 1349 528 1413 fudit)
548 1348 863 1413 fugatusque,
898 1348 946 1394 in
980 1347 1261 1398 suburbano
1285 1349 1500 1417 quodam

81 1418 380 1467 Antiochiae
400 1417 607 1484 gregarii
634 1435 783 1464 manu
802 1417 971 1465 militis
995 1418 1196 1466 interiit.

611 1529 700 1593 (A.
734 1529 788 1577 c.
819 1529 968 1593 566.)

180 1618 274 1665 IX.
309 1618 446 1666 Haec
473 1617 636 1666 adulta
660 1619 823 1665 hieme
848 1616 1197 1666 Valentiniano
1223 1633 1270 1666 et
1293 1618 1502 1668 Valente
1523 1642 1540 1669 1

83 1689 223 1736 Coss,
253 1689 536 1751 agebantur.
610 1686 870 1734 Translato
891 1704 1008 1734 vero
1029 1686 1079 1733 in
1107 1687 1398 1735 Gratianum
1419 1688 1504 1736 ad-

77 1756 178 1803 huc
203 1756 445 1820 privatum
465 1770 513 1804 et
537 1756 900 1820 Dagalaiphum
935 1753 1227 1820 amplisfimo
1261 1757 1505 1821 magistra-

79 1839 132 1872 tu
144 1862 157 1886 ,
199 1839 368 1889 aperto
398 1825 497 1872 iam
527 1842 640 1872 vere
674 1823 912 1871 suscitatis
950 1824 1159 1886 viribus,
1192 1826 1375 1889 Valens
1399 1826 1505 1873 iun-

81 1908 163 1942 cto
196 1893 287 1940 fibi
317 1894 564 1959 Lupicino
597 1912 710 1940 eum
743 1893 950 1941 robustis
998 1894 1187 1947 auxiliis
1223 1893 1504 1942 Pessinunta

77 1963 209 2028 firna
231 1980 438 2027 propere
470 1962 607 2023 tulit,
650 1961 889 2027 Phr3giae
919 1962 1195 2030 quondam,
1243 1981 1374 2011 nunc
1407 1966 1504 2011 Ga-

76 2032 219 2079 latiae
241 2030 500 2109 oppidum.
573 2034 688 2096 Quo
723 2029 974 2095 praesidiis
1007 2031 1144 2079 ocius
1174 2033 1550 2092 communito‚2

79 2119 142 2148 ne
165 2100 318 2166 quid
307 2100 568 2165 inopinum
589 2117 679 2164 per
705 2117 787 2148 eos
817 2114 1088 2164 emergeret
1120 2115 1324 2162 tractus,
1363 2118 1502 2164 piae-

16 2174 17 2178 ’
79 2183 154 2218 tei
185 2168 373 2216 radices
405 2168 606 2233 Olympi
635 2168 816 2216 montis
846 2169 1017 2218 excelfi
1061 2183 1103 2217 t1
1107 2184 1376 2232 amnesque
1409 2169 1502 2214 fra-

82 2236 256 2302 gosos
244 2255 315 2284 ire
338 2236 571 2284 tendebat
591 2235 654 2283 ad
676 2237 903 2305 L3ciam,
941 2237 1225 2286 oscitantem
1248 2237 1319 2284 ibi
1338 2240 1373 2302 ¹)
1399 2238 1501 2284 Go-

79 2307 325 2355 moarium
346 2305 666 2369 adgressurus.
739 2306 831 2355 Cui
872 2308 1104 2372 pertinaci
1135 2305 1497 2369 conspiratione
1517 2318 1547 2362 3

80 2376 352 2423 multorum
389 2375 479 2421 hac
513 2374 721 2422 maxima
760 2376 1146 2432 conlideiatiene
1179 2373 1499 2436 lelistebatur,

83 2443 225 2509 quod
254 2443 406 2508 hostis
436 2443 538 2491 eius
552 2479 567 2500 ,
613 2457 667 2490 ut
697 2459 806 2493 ante
846 2442 1049 2494 relatum
1089 2444 1180 2505 est,
1232 2443 1503 2491 Constantii
1528 2445 1531 2449 ’

81 2515 234 2561 filiam
268 2513 515 2578 parvulam
550 2530 663 2559 cum
698 2529 850 2562 matre
889 2513 1113 2573 faustina
1148 2512 1267 2560 etin
1301 2512 1504 2577 agmini-

83 2583 202 2643 bus,
241 2597 286 2630 et
308 2600 419 2629 cum
447 2598 603 2646 prope
634 2581 685 2628 in
715 2583 820 2632 acie
849 2583 1049 2644 starent,
1092 2581 1266 2633 lectica
1295 2582 1504 2631 circum-

139 2750 169 2785 1)
198 2742 267 2779 ΜΓ.
297 2743 591 2791 Οὔίἕὸιῃειὲυπι.
