1727 3144
227 135 325 193 474
439 136 740 183 'AMM1AN1
780 147 1172 180 nAncetmul
1206 147 1395 191 xxviii,
1439 151 1514 184 10

234 273 282 307 et
315 258 593 323 impetravit
623 257 765 304 facile
800 257 925 303 male
956 254 1095 304 sanus
1127 256 1354 306 incitator
1380 274 1427 307 ct
1451 273 1640 323 potens.
1703 277 1705 279 ·

161 331 217 377 52
236 328 560 392 Metuensque
583 325 814 390 gravioris
842 325 1055 375 invidiae
1084 326 1303 390 pondus,
1338 346 1399 377 ne
1420 342 1646 393 'pronun-

235 400 385 446 tiante
411 396 670 460 Simplicio
695 409 741 442 et
763 393 1038 442 consiliario
1057 393 1144 443 suo
1168 410 1216 443 et
1236 396 1393 445 amico
1407 432 1422 455 ,
1463 397 1646 460 periret

234 468 392 515 homo
430 465 657 530 patriciae
690 464 877 528 stirpis3
924 464 1082 511 tenuit
1127 464 1261 529 apud
1295 465 1342 513 fe
1384 464 1646 530 paullisper

234 535 487 600 imperiale
509 547 851 597 praeceptum,
884 532 1089 581 haerens
1109 548 1156 581 et
1177 534 1445 599 ambigens,
1481 552 1650 600 quem-

235 625 344 652 nam
386 603 681 668 potissimum
711 602 1040 653 exsecutorem
1069 603 1247 651 atrocis
1284 603 1539 652 rei-fidum
1574 603 1648 649 in-

161 680 219 727 55
237 676 423 722 veniret
450 686 496 721 et
521 673 781 720 efficacem.
857 670 1207 737 Tandemque,
1242 687 1297 720 ut
1323 673 1480 722 solent
1508 689 1648 737 pares

235 745 380 792 facile
403 741 687 804 congregari
710 758 821 787 cum
843 740 1045 804 paribus
1060 777 1072 800 ‚
1109 740 1652 808 Doryphorianus-qui-

241 813 353 860 dam
386 825 603 876 repertus
636 809 701 857 est
734 810 930 870 Galim,
972 807 1127 856 audax
1147 811 1365 875 adusque
1389 809 1651 857 insaniam:
1705 816 1708 818 ’

235 884 318 929 cui
339 883 465 929 hanc
488 897 688 943 operam
707 877 912 941 implere
934 877 1072 925 brevi
1090 878 1317 944 pollicito
1340 879 1520 927 deferri
1539 896 1658 942 pro-

237 951 363 998 vidit
384 949 613 997 vicariam
629 983 641 1007 ,
672 960 719 992 et
738 945 1176 992 commonitorium
1199 966 1313 994 cum
1341 948 1546 1012 Augusti
1575 946 1653 1004 lii-

237 1019 362 1081 terisss
380 1015 618 1064 tradidit:
649 1013 887 1061 instruens
919 1013 1174 1064 hominem
1210 1014 1406 1063 saevum
1447 1016 1650 1081 quidem

237 1087 323 1135 sed
356 1085 556 1142 rudem,
603 1101 699 1148 qua
723 1082 970 1130 celeritate
1006 1082 1291 1146 Aginatium
1319 1083 1418 1132 fine
1445 1085 1549 1133 ullo
1569 1084 1650 1132 de-

237 1158 361 1205 leret
386 1154 662 1213 obstaculo,
709 1151 944 1199 dilatione
979 1151 1200 1216 qualibet
1227 1150 1424 1201 inventa
1449 1153 1648 1201 forsitan

164 1231 222 1287 54
239 1224 507 1275 evasurum.
608 1220 896 1282 FestinaVit·‚
952 1234 1007 1267 ut
1046 1219 1330 1269 mandatum
1365 1223 1456 1283 est,
1494 1223 1654 1288 Dory-

234 1296 507 1362 phorianus
547 1292 743 1356 magnis.
770 1289 1032 1337 'itineribus
1067 1289 1303 1337 Romam:
1356 1305 1403 1340 et
1435 1291 1499 1356 2⁴⁸)
1524 1292 1652 1339 inter

237 1361 607 1413 administrandi
656 1362 815 1408 initia-
838 1377 1013 1422 magna
1053 1359 1357 1424 quaeritabat
1398 1359 1651 1422 industria,

237 1453 334 1500 qua
363 1433 410 1482 vi
443 1431 715 1480 senatorem
748 1427 992 1495 perspicui
1025 1427 1212 1492 generis
1246 1428 1544 1478 interficeret
1578 1430 1652 1476 iu-

234 1504 463 1553 vantibus
490 1501 549 1565 ²⁵)
569 1501 730 1547 nullis.
803 1498 1141 1560 Cognitoque,
1186 1515 1299 1545 eum
1328 1499 1426 1545 iam
1458 1498 1652 1563 pridem

233 1587 485 1637 repertum
509 1570 561 1616 in
593 1569 705 1616 villa
737 1566 938 1632 propria
966 1565 1228 1629 custodiri,
1274 1566 1376 1632 ipse
1399 1581 1650 1632 tamquam

235 1656 385 1705 caput
409 1639 624 1688 sontium
650 1637 930 1702 pariterque
959 1634 1221 1699 Anepliam
1251 1635 1454 1685 horrore
1481 1636 1649 1684 medio

233 1712 550 1767 tenebrarum
572 1707 742 1754 audire
765 1704 1029 1769 disposuit,
1065 1721 1164 1767 quo
1186 1718 1407 1770 tempore
1426 1705 1651 1753 hebetari

234 1779 393 1826 solent
423 1777 683 1825 obstrictae
714 1773 984 1823 terroribus
1015 1787 1231 1821 mentes:
1270 1788 1326 1823 ut
1355 1774 1482 1822 inter
1509 1774 1649 1821 innu-

235 1866 370 1895 mera
394 1847 546 1892 multa
576 1845 702 1891 Aiax
730 1859 929 1908 quoque
951 1840 1247 1890 Homericus
1268 1842 1439 1905 docet,
1473 1857 1646 1908 optans

235 1916 397 1982 perire
422 1914 583 1977 potius
603 1914 737 1971 luce,
772 1929 918 1975 quam
948 1911 1048 1974 pati
1077 1911 1358 1958 formidinis
1391 1925 1646 1976 augmenta

160 1988 219 2035 55
235 1999 519 2032 nocturnae.
590 1979 654 2026 Et
674 1979 906 2043 quoniam
925 1977 1096 2037 iudex,
1130 1979 1250 2042 quin
1279 1980 1432 2027 immo
1460 1980 1649 2044 praedo

235 2050 475 2101 nefandus
513 2047 576 2096 ad
605 2047 658 2094 id
693 2046 878 2105 solum,
935 2045 1071 2108 quod
1111 2046 1357 2109 promifit‚
1414 2050 1663 2110 intentus,·

235 2135 412 2171 cuncta
439 2118 700 2166 extollebat
726 2115 779 2161 in
815 2113 997 2173 maim,
1056 2113 1178 2161 iuffo
1218 2116 1448 2179 Aginatio
1487 2117 1645 2181 statui,

236 2190 428 2255 agmina
449 2188 567 2234 fecit
585 2183 789 2232 introire
812 2182 1121 2229 carnificum:
1164 2186 1445 2249 catenisque
1475 2185 1647 2234 sonan-

232 2262 366 2308 tibus
395 2256 550 2316 triste,
593 2251 835 2316 mancipia
868 2250 1092 2316 squalore
1121 2251 1354 2301 diuturno
1379 2255 1646 2304 marcentia

232 2329 283 2376 in
307 2325 662 2388 dominicaput
680 2320 896 2383 adusque
915 2320 1143 2368 ultimum
1160 2322 1404 2370 lacerabat
1416 2324 1614 2371 exitium
1631 2343 1642 2371 ;

235 2395 374 2462 quod
397 2395 448 2441 in
477 2392 629 2458 stupri
658 2389 935 2456 quaestione
967 2389 1074 2436 fieri
1106 2404 1302 2439 vetuere
1341 2392 1644 2439 clementissi-

160 2469 217 2514 56
237 2483 343 2514 mae
362 2465 509 2527 leges,
579 2460 831 2523 Denique,
862 2458 1088 2505 cumiani
1114 2460 1342 2523 contigua
1371 2461 1518 2507 morti
1547 2474 1643 2508 tor-

235 2547 398 2582 menta
429 2529 632 2577 ancillae
661 2545 804 2576 voces
835 2527 1157 2591 cxpressiffent
1185 2529 1430 2593 obliquas,
1468 2529 1641 2577 indicii

233 2603 334 2650 fide
353 2618 527 2666 parum
549 2598 692 2662 plene
723 2595 922 2644 discuss'a
937 2632 950 2657 ,
985 2596 1241 2662 Aginatius
1260 2597 1322 2646 ad
1346 2596 1641 2663 supplicium

281 2766 342 2812 24)
367 2763 434 2800 Ms.
465 2761 612 2799 iterazdi
636 2761 751 2797 initia.
806 2761 868 2808 25)
893 2758 961 2795 ΜΓ,
992 2760 1112 2798 nullis.
