1727 3144
580 160 651 189 ιο
673 160 700 190 v
723 160 740 189 1
764 159 797 189 Λ
824 160 854 189 N
876 159 905 189 t*
929 160 967 188 s.
1039 145 1155 191 5⁶5.
1434 148 1530 209 589

121 267 324 333 gradum
352 267 524 316 sensim
565 269 852 330 referentes,
899 267 1050 315 moris
1074 266 1322 315 diuturnis
1359 289 1522 318 exeru.

117 338 326 385 ciabant.
410 338 613 402 Iamque
649 340 723 402 (ut
751 337 1160 385 solentssextrema
1197 341 1523 389 metuentibus

121 407 267 454 etiam
308 409 420 454 ficta
463 408 672 473 placere)
714 408 838 454 fama
879 407 1189 467 circumlata,
1230 407 1351 453 fines
1390 407 1522 455 haud

115 477 292 540 procul
311 476 525 523 limitum
547 475 637 524 ess'e
663 476 961 538 nostrorum,
997 475 1233 524 exercitus
1253 475 1522 525 vociferans

118 544 405 593 immodeste
418 586 431 611 ,
489 545 595 593 dari
631 545 721 592 fibi
757 545 953 610 copiam
988 543 1282 592 transeundi
1307 543 1523 607 Tigridis

119 615 413 677 flagitaban-
461 614 656 671 Quibus
689 614 938 692 oppofitus
969 633 1082 662 cum
1116 610 1388 661 r=ect01ibus
1428 613 1526 660 Im·
1546 636 1596 665 12

115 697 338 751 perator,
398 697 766 746 tumentemque
810 682 907 729 iam
957 684 1090 730 canis
1141 696 1311 730 exortu
1356 681 1524 729 fideris

116 769 310 799 amnem
335 750 620 811 ostendenS,
659 768 718 797 ne
754 750 802 798 se
833 751 1116 829 periculofis
1160 751 1523 799 committerent

114 819 387 882 gurgitibus
415 820 666 866 exorabat:
703 819 854 867 nandi
885 819 1140 884 imperitos
1171 818 1404 868 adsenens
1432 819 1523 868 esse

111 889 414 952 complures,
445 887 684 953 fimulque
707 887 966 952 adiicienS,
997 889 1194 937 hostiles
1215 907 1385 937 manus
1405 888 1522 936 hinc

111 955 227 1004 inde
256 958 498 1022 margines
529 956 765 1022 superfuli
807 957 1022 1005 fluminis
1061 957 1330 1022 occupasse.
1412 957 1523 1006 ‘Sed
1546 964 1594 1006 13

110 1043 222 1073 cum
253 1026 371 1074 haec
401 1026 542 1091 saepe
571 1025 966 1089 congeminando
998 1027 1320 1090 refragaretur
1347 1027 1398 1073 in
1429 1025 1522 1073 cas-

107 1091 240 1157 sum,
276 1096 515 1161 milesque
533 1096 844 1143 conclamans
866 1113 1041 1160 magno
1071 1095 1399 1142 contentionis
1429 1095 1522 1141 fra-

109 1181 226 1226 gore
258 1166 526 1212 minaretur
565 1178 804 1225 extrema,
849 1164 903 1210 id
934 1164 1200 1228 imperatur
1235 1165 1518 1227 aegerrime,

114 1247 168 1278 ut
204 1234 329 1280 misti
356 1253 469 1281 cum
499 1232 698 1280 Arctois
727 1233 981 1280 Germanis
1002 1234 1133 1280 Galli
1155 1250 1347 1279 amnem
1372 1231 1517 1295 primi

111 1302 333 1348 omnium
366 1316 704 1366 penetrarent:
747 1316 801 1348 ut
826 1302 903 1349 his
942 1301 1277 1364 magnitudine
1314 1304 1516 1348 fluento-

106 1389 215 1416 rum
244 1371 483 1435 abreptis,
531 1369 836 1418 refiduorum
880 1371 1142 1435 pertinacia
1187 1372 1515 1433 frangeretur3

106 1453 185 1485 aut
219 1439 256 1485 fi
296 1439 350 1486 id
387 1439 694 1504 perfeciss'ent
727 1439 955 1499 innocui,
1011 1439 1237 1487 transitus
1283 1438 1517 1485 fidentior

106 1521 388 1555 tentaretur.
459 1508 716 1572 Electique
739 1507 847 1555 sunt
869 1507 931 1555 ad
954 1507 1007 1554 id
1036 1508 1287 1571 negotium
1308 1507 1515 1566 habiles,
1542 1513 1590 1565 14

107 1576 194 1640 qui
227 1577 436 1624 maxima
470 1595 586 1654 prae
606 1578 809 1637 eaeteiis
830 1577 1031 1623 flumina
1054 1590 1345 1623 transmeaie
1366 1576 1417 1622 in
1447 1592 1518 1622 ιο-

104 1645 332 1708 gionibus
354 1645 576 1710 genuinis
600 1663 625 1692 a
646 1646 801 1709 prima
822 1645 1030 1709 pueritia
1058 1645 1167 1692 sunt
1193 1644 1425 1691 instituti.
1470 1657 1515 1691 et

105 1733 215 1760 cum
238 1714 422 1762 latendi
441 1714 636 1779 copiam
662 1728 899 1760 noemma
921 1713 1060 1791 quies
1067 1712 1241 1773 daret,
1272 1728 1514 1777 tamquam

106 1800 131 1829 c
153 1782 408 1830 transenna
430 1782 569 1829 fimul
592 1785 634 1847 ⁴)
656 1781 834 1843 emiffi,
866 1782 948 1846 spe
981 1782 1123 1830 eitius
1154 1783 1280 1846 ripas
1312 1798 1519 1843 occupa-

106 1869 216 1899 vete
249 1852 541 1899 contrarias:
579 1850 932 1917 Perlalumque
966 1852 1264 1899 conculcatis
1297 1850 1518 1913 pluribus

107 1934 155 1968 et
173 1934 217 1967 tu
220 1934 434 1981 uncatis,
460 1920 496 1985 ⁵)
522 1938 645 1984 quos
667 1920 776 1966 loca
794 1918 982 1968 servate
1011 1919 1269 1984 dispofitos
1290 1919 1438 1965 Iecur
1433 1933 1478 1963 tt
1469 1938 1517 1964 ιη

103 1989 298 2054 placido
329 1989 549 2037 vinxerat
579 1988 776 2049 somno,
819 1990 1024 2036 efficacis
1059 1987 1289 2036 audaciae
1331 1987 1515 2050 figt‘nun

105 2059 240 2105 elatis
270 2058 495 2105 manibus
524 2056 926 2123 ⁶)‘contortis'que
964 2057 1139 2121 sagulis
1178 2057 1512 2104 ostendebant.

105 2125 217 2174 Hoc
247 2128 392 2190 longe
425 2125 720 2191 conspecto,
767 2125 941 2174 ardens
977 2126 1040 2174 ad
1083 2127 1332 2172 transitum
1378 2123 1515 2169 miles
1544 2126 1593 2170 15

107 2213 162 2242 ea
192 2213 329 2242 mora
370 2194 713 2242 tantum-modo
753 2197 1031 2256 tenebatur,
1096 2193 1232 2258 quod
1269 2192 1456 2238 utribus
1491 2210 1515 2237 c

107 2262 360 2311 caesorum
388 2263 672 2310 animalium
700 2265 848 2313 coriis
884 2277 1221 2328 coagmentare
1249 2274 1421 2325 pontes
1451 2279 1518 2305 ar-

107 2332 311 2381 chitecti
337 2332 707 2397 promittebant.

172 2402 292 2450 VH.
327 2403 468 2459 Quae
495 2399 613 2448 dum
647 2400 781 2449 vanis
814 2402 1073 2449 conatibus
1114 2399 1382 2461 agitantur,
1438 2414 1518 2443 rex
1544 2419 1559 2443 1

106 2471 266 2534 Sapor
287 2472 532 2535 etflprocul
559 2468 755 2531 absens,
790 2485 836 2517 et
858 2489 967 2518 cum
997 2485 1147 2533 prope
1181 2466 1399 2526 venill'ct,
1444 2484 1518 2512 ex-

106 2540 411 2602 ploratorum
444 2539 855 2603 perfugarumque
877 2539 1000 2586 veris
1028 2536 1226 2583 vocibus
1253 2535 1520 2581 docebatur

109 2609 254 2655 tortia
281 2609 407 2656 facta
434 2608 739 2666 nostrorum,
791 2607 961 2656 foedas
1003 2605 1199 2652 suorum
1231 2604 1430 2669 strageS,
1476 2617 1522 2650 ct

603 2721 714 2728 -—-.

166 2778 200 2815 4)
232 2770 299 2805 ΜΓ.
334 2772 463 2808 emissis
491 2773 629 2820 peritis.
682 2776 717 2819 52·
745 2775 795 2807 al.
819 2785 920 2819 quos.
974 2772 1018 2820 6)
1047 2770 1171 2817 steph.
1203 2769 1370 2818 pectoris.
