1727 3144
524 187 907 222 111L1ANus.
981 173 1096 221 552.
1412 193 1507 243 291

72 306 220 369 stetis.
290 299 641 366 Mandavitque
665 297 904 348 adfidenti
928 297 1201 363 praefecto,
1234 317 1295 347 ne
1318 301 1508 352 audire.

87 386 166 420 tur
197 389 368 420 eorum
399 371 667 434 negotium,
702 383 963 434 antequam
992 367 1094 431 ipse
1121 385 1234 414 cum
1259 368 1504 421 Thalassio

86 441 270 490 rediret
297 442 346 487 in
368 441 566 504 gratiam
581 477 593 501 ,
626 439 762 504 qnod
781 438 918 486 brevi
937 436 1113 489 evenit.

188 512 253 558 X.
290 510 370 556 Ibi
398 509 617 555 hiemans
640 526 700 556 ex
720 506 980 566 sententia,
1017 505 1162 554 nullis
1186 504 1383 554 interim
1418 526 1499 556 vo.
1522 534 1541 561 1

83 579 283 644 luptatis
314 577 592 642 rapiebatur
623 577 893 638 illecebris,
933 575 1113 643 quibus
1132 574 1384 622 abundant
1415 577 1502 642 Sy-

84 650 185 696 riae
209 666 403 696 omnes:
434 665 601 695 verum
622 664 710 711 per
729 646 940 710 speciem
972 645 1150 709 quietis
1185 643 1498 694 iudicialibus

84 717 236 764 caufis
265 718 497 775 intentus,
533 717 566 777 1)
592 732 691 761 non
725 715 884 760 minus
915 713 1078 761 arduis
1110 732 1255 777 quam
1288 715 1494 776 bellicis,

84 785 446 832 distrahebatur
467 782 852 830 multiformibus
871 783 1020 843 curis,
1058 781 1290 848 exquisita
1323 782 1496 831 docili—

82 867 180 901 tate
211 853 421 912 librans,
464 852 644 917 quibus
674 849 835 899 modis
864 851 1000 899 suum
1023 851 1203 916 cuique
1227 853 1495 901 tribueret:

81 922 313 986 iustisque
347 920 594 969 sententiis
626 935 673 968 et
702 921 920 986 improbi
959 921 1167 969 modicis
1207 929 1496 970 coerceren-

81 1005 160 1038 tur
179 990 455 1056 suppliciis,
493 1004 540 1038 et
560 991 845 1039 innocentes
872 991 1082 1038 fortunis
1113 991 1496 1041 defenderentur

81 1062 292 1107 intactis.
375 1059 436 1106 Et
472 1078 766 1126 quamquam
793 1060 843 1106 in
880 1059 1201 1124 disceptando
1233 1062 1536 1125 aliquotiesz

83 1144 185 1177 erat
205 1130 585 1194 intempestivus,
604 1128 726 1194 quid
749 1130 955 1194 quisque
976 1129 1273 1193 iurgantium
1293 1131 1496 1192 coleret,

85 1213 306 1268 tempore
340 1199 498 1246 alieno
530 1199 859 1262 interrogans:
907 1212 1068 1246 tamen
1096 1199 1226 1245 nulla
1245 1199 1348 1245 eius
1376 1199 1498 1247 defi-

82 1268 208 1315 nitio
228 1268 324 1314 litis
345 1287 369 1314 a
391 1285 507 1314 vero
529 1265 777 1314 dissonans
797 1268 1061 1331 reperitur:
1101 1285 1192 1315 nec
1229 1267 1364 1331 argui
1393 1287 1499 1315 um-

86 1355 232 1400 quam
254 1336 415 1401 potuit
437 1337 501 1383 ob
537 1336 825 1400 religionem
852 1337 929 1383 vel
968 1335 1318 1401 quodcumque
1344 1337 1496 1403 aliud,

85 1406 144 1452 ab
165 1404 420 1469 aequitatis
446 1417 580 1451 recto
601 1405 792 1451 tramite
817 1404 1036 1452 deviass‘e.
1093 1404 1339 1452 Iudicium
1365 1407 1543 1470 enimg

86 1474 184 1524 hoc
211 1473 275 1520 est
298 1473 568 1537 optandum
589 1487 635 1521 et
660 1488 840 1520 rectum
858 1511 868 1527 ,
908 1475 992 1520 ubi
1017 1476 1246 1538 perraria
1276 1475 1500 1538 negotio-

86 1562 193 1589 rnm
228 1543 445 1589 examina
470 1541 645 1588 iustum
677 1541 730 1587 id
765 1542 830 1589 est
862 1558 908 1589 et
937 1543 1192 1599 iniustum:
1238 1562 1263 1590 a
1291 1562 1392 1608 quo
1414 1544 1496 1591 ille

86 1630 147 1658 ne
172 1613 439 1670 aberraret,
488 1624 736 1674 tamquam
770 1609 995 1674 scopulos
1017 1611 1220 1658 cavebat
1243 1612 1495 1676 abruptos.

86 1681 200 1728 Hoc
230 1694 389 1727 autem
421 1679 536 1726 ideo
568 1679 769 1743 adsequi
799 1679 990 1743 potuit,
1067 1680 1203 1746 quod
1245 1680 1497 1728 levitatem

86 1749 348 1814 agnoscens
378 1748 718 1797 commotioris
752 1748 936 1812 ingenii
964 1747 1064 1811 sui,
1108 1749 1366 1814 praefectis
1385 1767 1499 1814 pro-

85 1819 326 1884 ximisque
372 1818 707 1882 permittebat,
761 1819 845 1880 [ut
883 1818 1092 1866 fidenter
1130 1818 1342 1882 impetus
1385 1817 1497 1866 suos

87 1887 288 1936 aliorsus
316 1887 599 1947 tendentes,
639 1887 700 1934 ad
735 1904 857 1952 quae
892 1889 1123 1948 decebat,
1177 1888 1373 1934 monitu
1413 1905 1502 1952 op-

85 1970 301 2021 portuno
328 1958 597 2004 frenarent:
636 1956 1057 2022 monstrabatque]
1078 1955 1310 2017 subinde,
1341 1955 1389 2004 se
1412 1955 1499 2004 do-

86 2025 187 2074 lere
219 2024 434 2087 delictis,
510 2038 557 2072 et
593 2025 803 2088 gaudere
839 2026 1161 2074 correctione.
1271 2026 1544 2089 Cumque4

90 2111 202 2142 eum
224 2093 501 2143 defensores
524 2094 792 2156 causarum,
828 2108 883 2142 ut
900 2094 1152 2144 conscium
1171 2095 1372 2142 rationis
1394 2113 1500 2159 per-

87 2157 244 2212 fectae
258 2199 273 2221 ,
299 2164 544 2228 plausibus
566 2164 787 2210 maximis
810 2164 1139 2226 celebrarent,
1156 2165 1327 2212 'fertur
1352 2164 1405 2210 id
1429 2162 1502 2208 di-

88 2230 203 2279 xiffe
230 2247 510 2296 permotus:
591 2234 883 2280 Gaucleham
910 2234 951 2299 2)
983 2238 1137 2297 plane
1159 2251 1292 2297 prae
1334 2248 1505 2294 meque

74 2301 310 2362 ferebam
324 2336 339 2358 ,
386 2304 440 2362 st
468 2303 534 2348 ab
559 2304 632 2348 his
664 2306 924 2361 laudarer,
991 2322 1106 2366 quos
1144 2313 1189 2348 et
1219 2305 1504 2363 vituperare

82 2371 215 2434 P‘ffi
243 2375 576 2431 adverterem,
602 2374 656 2431 st
687 2374 1015 2434 quidfiectam
1029 2378 1103 2433 sit
1118 2376 1260 2435 secus
1299 2379 1386 2415 aut
1417 2372 1502 2416 cli*

92 2449 236 2487 clam.
308 2440 529 2488 Sufficiet
558 2455 719 2487 autem
746 2460 835 2505 pro
866 2442 1058 2502 multis,
1093 2458 1216 2504 quae
1239 2439 1550 2499 clementer-5

32 2566 33 2570 Ἰ
96 2509 194 2573 egit
214 2510 265 2556 in
296 2510 464 2557 litibus
495 2508 870 2574 cognoscendis,
904 2511 1001 2558 hoc
1034 2528 1182 2556 unum
1204 2524 1388 2572 ponere
1411 2525 1501 2555 nec

801 2579 907 2627 T2

150 2762 183 2807 ¹)
207 2761 275 2797 ΜΓ.
310 2776 384 2797 non
403 2764 530 2798 ‘mimus
560 2777 664 2808 quam
696 2759 838 2796 lic-ilicis
872 2756 1082 2799 arduimue.
1125 2758 1254 2808 quibus
1292 2755 1391 2793 distr.
1465 2757 1510 2802 ἁ)

96 2807 161 2840 Ml'.
188 2807 298 2854 plane
322 2821 379 2843 me
410 2823 517 2857 quem
547 2811 605 2847 tls.
656 2810 700 2847 ¹1¹5.
731 2808 857 2856 plane.
889 2820 1018 2853 meque
1048 2806 1105 2842 eff.
