1727 3144
502 172 894 219 1U‘L1ANU3.
968 165 1086 211 565.
1387 168 1486 217 515,

78 291 272 339 felicem
304 289 614 354 reditumque
648 289 913 355 gloriosum
948 302 1208 354 exoptans,
1250 307 1489 357 oransque

82 375 135 407 nt
167 358 346 407 deinde
380 361 630 424 placabilis
661 359 774 408 ell'et
825 373 874 407 et
909 358 1093 406 lenior:
1146 357 1370 406 noudum
1401 362 1489 424 ira,

81 447 229 493 quam
264 447 322 476 ex
362 429 825 494 compellationibus
863 442 910 476 et
954 427 1145 492 probris
1186 444 1495 493 conceperat,

82 498 327 559 emollita,
361 498 657 563 loquebatur
679 497 915 562 asperius,
950 495 996 549 [e
1032 495 1123 544 effe
1157 513 1241 544 eos
1270 496 1493 546 adserens

79 566 244 630 postea
266 585 364 614 non
387 566 618 614 visurum.
691 565 990 631 Disposuiffe
1019 566 1148 613 enim
1175 565 1359 628 aiebat,
1395 566 1494 615 hie·
1515 577 1542 621 5

81 634 250 682 mandi
271 636 420 699 gratia
442 654 528 700 per
557 635 973 702 compendiariam
1001 635 1154 691 viam,
1181 633 1497 698 vconsumma-

41 746 43 748 ,
82 717 134 751 to
170 706 456 768 procinctu,
506 703 710 758 Tarsum
756 704 959 754 Ciliciae
1002 701 1335 751 reversurum:
1385 703 1499 752 scri-

81 771 316 837 pfiss'eque
358 770 420 817 ad
450 771 750 819 Memorium
787 771 1083 837 praefidem,
1137 785 1192 818 ut
1227 772 1279 819 in
1327 773 1498 822 eadem

81 841 205 887 urbe
239 853 414 888 cuncta
445 839 535 886 fibi
566 857 781 904 congrua
811 855 1122 905 pararentur:
1159 854 1207 888 et
1233 841 1332 888 hoc
1364 842 1500 891 haud

84 907 171 955 diu
199 908 358 973 postea
379 909 601 973 contigit.
674 911 864 974 Corpus
898 927 1112 974 namque
1145 909 1246 957 eius
1279 911 1396 959 illuc
1426 931 1499 960 re-

81 977 262 1038 latum',
318 975 651 1042 exsequiarum
689 978 868 1026 humili
909 997 1090 1044 pompa
1127 979 1179 1025 iu
1215 979 1499 1030 suburbano

84 1046 329 1110 sepultum
354 1046 444 1108 eft,
477 1061 531 1094 ut
548 1046 652 1111 ipse
671 1047 940 1095 mandarat.

182 1116 386 1179 Iamque
409 1116 657 1178 apricante
678 1117 840 1177 caelo,
875 1116 1020 1164 tertio
1047 1116 1082 1181 ¹)
1108 1115 1277 1163 Nonas
1299 1115 1500 1165 Martias
1522 1126 1550 1170 6

86 1184 372 1248 profectus,
409 1184 719 1250 Hierapolim
740 1184 895 1232 solitis
931 1185 1188 1232 itineribus
1217 1185 1371 1232 venit:
1414 1187 1503 1234 ubi

86 1272 200 1300 cum
230 1252 458 1300 introiret
487 1254 696 1301 civitatis
728 1254 1060 1318 capacissimae
1092 1267 1280 1317 portas,
1321 1253 1503 1303 finisti-a

87 1321 308 1385 porticus
327 1319 489 1369 subito
510 1321 656 1386 lapsa,
692 1321 854 1370 subter
874 1321 1128 1369 tendentes
1149 1322 1503 1387 quinquaginta

90 1391 298 1450 milites,
332 1390 544 1454 exceptis
568 1391 789 1454 plurimis
823 1391 1109 1451 vulneratis,
1156 1391 1405 1454 tignorum
1439 1407 1506 1440 te-

93 1459 413 1522 gularumque
449 1459 665 1524 pondere
693 1478 870 1522 magno
904 1458 1095 1506 collisit.
1204 1459 1346 1509 Unde
1389 1480 1553 1526 con-7

90 1527 256 1574 tractis
278 1527 434 1592 copiis
456 1528 713 1586 omnibus,
759 1527 1168 1590 Mesopotamiam
1200 1542 1298 1594 tam
1332 1548 1505 1595 prope-

91 1614 143 1643 re
173 1595 303 1659 ligna
333 1596 630 1656 commovit,
673 1610 724 1640 ut
761 1597 888 1642 fama
922 1595 982 1642 de
1012 1593 1059 1642 se
1091 1596 1221 1641 nulla
1259 1599 1508 1660 praeversa

93 1663 167 1730 (id
189 1666 320 1712 enim
345 1664 386 1730 ²)
408 1664 621 1713 curatius
644 1662 941 1728 observarat)
965 1664 1261 1727 improvisus
1292 1667 1509 1732 All'yrios

94 1748 373 1797 occuparet.
454 1733 711 1798 Denique,
754 1750 869 1780 cum
898 1732 1111 1780 exercitu
1143 1747 1191 1780 et
1215 1735 1510 1800 Scytharum

95 1801 285 1850 auxiliis
306 1802 557 1867 Euphrate
577 1801 734 1849 navali
759 1815 908 1865 ponte
928 1801 1200 1850 transmiss'o
1217 1839 1230 1863 ,
1279 1807 1412 1853 venit
1448 1807 1510 1855 ad

96 1871 275 1919 Batnas
306 1866 634 1936 municipium
671 1870 986 1930 Osdroenae,
1038 1870 1207 1935 ibique
1244 1872 1510 1925 illaetabile

97 1953 381 2005 portentum
402 1938 621 1987 offendit.
705 1940 830 1988 Cum
857 1939 987 1987 enim
1022 1941 1250 1989 calonum
1281 1943 1509 2010 frequens
1533 1959 1559 2001 8

96 2006 364 2056 multitudo
385 2007 447 2056 ad
466 2007 830 2074 suscipiendum
850 2006 1079 2056 consuete
1101 2011 1334 2073 pabulum
1356 2033 1510 2079 prope

100 2094 329 2126 acervum
354 2078 603 2142 palearum
633 2077 829 2126 stetiss'et
857 2076 1112 2142 impendio
1143 2079 1348 2143 celsum,
1392 2084 1508 2146 (hoc

103 2148 233 2194 enim
254 2145 406 2193 modo
441 2165 526 2211 per
559 2148 781 2212 regiones
811 2146 916 2194 illas
945 2148 1062 2194 tales
1087 2145 1271 2212 species
1299 2144 1513 2198 constru-

101 2217 269 2280 untur)
290 2214 591 2278 rapientibus
614 2216 779 2264 multis
805 2214 1013 2280 quass'ata
1034 2219 1285 2281 congeries
1311 2219 1512 2266 inclina-

104 2298 149 2330 ta
173 2283 261 2345 est,
297 2283 498 2347 parique
529 2284 674 2332 exitio
706 2284 1056 2350 quinquaginta
1088 2288 1253 2334 obruit
1284 2288 1510 2336 homines

104 2353 236 2400 mole
259 2352 465 2399 maxima
488 2352 752 2400 ruinarum.

204 2421 300 2469 III.
337 2419 545 2468 Maestus
571 2420 744 2470 exinde
766 2421 996 2487 digressits
1021 2423 1150 2469 venit
1173 2421 1315 2470 cursu
1337 2442 1510 2487 propc—
1534 2444 1551 2472 1

106 2508 163 2550 ro
192 2490 388 2549 Carras,
429 2491 685 2554 antiquum
715 2491 982 2555 oppidum,
1034 2490 1306 2538 Crass'orum
1341 2508 1385 2540 ct
1420 2485 1514 2545 Ro..

107 2559 239 2606 mani
274 2559 512 2606 exercitus
541 2560 782 2606 aerumnis
803 2559 1007 2623 inllgnc:
1039 2558 1167 2606 unde
1192 2558 1314 2609 <luae
1338 2563 1516 2613 ducen-

109 2640 180 2675 tes
210 2626 457 2675 Persidem
494 2628 597 2676 viae
631 2630 788 2693 regiae
822 2628 1204 2689 diltinguunttn·‚
1252 2631 1387 2681 laeva
1428 2654 1513 2700 per

167 2793 200 2835 1)
226 2789 294 2825 ΜΓ.
324 2791 453 2827 Nonas
478 2792 606 2828 Malas.
661 2797 701 2842 2)
733 2798 785 2832 al.
817 2793 1028 2832 accuratius.
