1727 3144
257 175 688 208 CONSTANTlus
721 176 796 206 ετ
837 175 1152 208 IULIANUS.
1225 164 1344 210 56ιρ
1415 159 1512 210 263

101 293 171 333 tes
192 283 446 349 impendio
472 303 674 350 parcus:
719 284 845 333 nihil
874 285 1005 333 circa
1037 283 1511 339 administrationum

100 369 354 418 augmenta
386 369 577 419 praeter
621 355 777 419 pauca
813 355 1001 407 novari¹
1028 353 1299 418 perpellils:
1358 373 1509 401 num-

100 441 246 489 quam
283 423 471 488 erigens
502 426 537 489 ¹)
567 441 749 471 cornua
789 422 1096 476 Militafium.
1181 422 1288 472 Nec
1321 420 1411 468 suh
1449 442 1505 470 eo
1527 436 1555 464 2

101 493 203 539 dux
253 494 512 558 quisquam
565 512 676 540 eum
736 492 1054 557 clarissimatu,
1108 504 1366 555 provectus
1426 491 1504 538 est.

98 560 250 610 Erant
273 563 430 622 enim,
467 576 521 609 ut
540 580 629 610 nos
652 579 850 627 quoque
880 561 1208 623 meminimus,
1243 558 1508 608 Perfectis—

99 629 233 678 fimi:
277 649 368 677 nec
403 632 691 678 occurrebat
719 631 947 694 magistro
981 630 1201 695 equitum
1228 628 1511 694 provinciae

101 712 288 761 rector,
324 718 411 746 nee
433 699 653 761 contingi
673 699 734 745 ab
763 717 822 746 eo
846 699 988 746 civile
1017 699 1272 762 negotium
1299 697 1513 763 permit-

99 767 248 814 tebat.
319 767 420 814 Sed
444 781 648 814 cunctae
670 766 941 816 *castrenses
971 781 1021 816 et
1055 766 1329 822 ordinariae
1361 780 1511 831 pote-

93 836 261 896 states,
293 850 348 883 ut
374 836 620 883 honorum
644 836 866 883 omnium
894 836 1120 902 apicem,
1144 835 1332 901 priscae
1363 853 1512 890 reve-,-

94 905 278 952 rentiae
300 922 436 952 more
459 905 730 969 praefectos
751 904 941 970 semper
958 904 1212 970 suspexere
1242 905 1506 970 praetorio.

93 973 155 1020 In
188 972 523 1021 conservando
554 974 710 1023 milite
746 975 954 1023 nimium
987 989 1180 1023 cautus:
1209 974 1508 1022 examinator
1527 973 1555 1017 5

92 1043 386 1090 meritorum
403 1061 774 1109 nonnumquam
800 1044 841 1110 ²)
865 1043 1240 1109 subseruposus,
1273 1044 1508 1108 palatinas

94 1109 354 1175 dignitates
380 1113 515 1160 velut
541 1130 598 1160 ex
629 1112 846 1178 quodam
873 1114 1093 1163 tribuens
1122 1112 1505 1179 perpendiculo:

93 1194 142 1228 et
159 1179 247 1227 sub
269 1199 327 1229 eo
348 1199 496 1229 nemo
518 1180 702 1229 celsum
719 1178 908 1247 aliquid
932 1196 1126 1232 ‘acturus
1150 1183 1202 1229 in
1231 1181 1359 1245 regia
1373 1218 1388 1241 ,
1423 1197 1507 1226 re-

88 1249 319 1314 pentinus
351 1249 602 1297 adhibitus
631 1251 699 1299 est
728 1253 807 1300 vel
839 1252 1145 1316 incognitus:
1176 1249 1261 1298 sed
1285 1249 1370 1313 qui
1399 1248 1507 1314 post

93 1317 388 1365 decennium
412 1319 688 1365 officiorum
711 1321 1065 1382 magisterium,
1100 1320 1179 1367 vel
1200 1318 1502 1382 la1·gitione8‚

91 1387 172 1434 vel
220 1386 374 1434 limile
428 1386 700 1451 quidquam
746 1387 861 1435 effet
907 1403 1158 1448 recturus,
1216 1385 1503 1452 apertillime

90 1453 400 1503 noscebatur.
472 1454 731 1520 Valdeque
753 1474 925 1521 parum
944 1457 1236 1520 contigerat,
1277 1470 1332 1502 ut
1359 1454 1506 1502 Mili-

91 1524 272 1572 tarium
295 1523 471 1589 aliquis
493 1522 555 1571 ad
576 1524 739 1571 civilia
763 1524 975 1589 regenda
997 1526 1222 1572 transiret
1240 1543 1248 1570 :
1302 1537 1507 1571 contra—

93 1610 190 1656 que
222 1611 323 1641 non
351 1591 442 1640 nifi
473 1592 674 1656 pulvere
706 1593 887 1640 bellico
907 1591 1124 1639 indurati
1147 1592 1507 1655 praeficieban-

90 1676 172 1710 tur
189 1661 399 1711 armatis.
469 1660 822 1708 Doctrinarum
843 1658 1052 1724 diligens
1084 1659 1380 1707 adfectator:
1421 1659 1508 1709 sed
1525 1661 1556 1716 4

92 1749 207 1778 cum
224 1749 250 1778 a
281 1728 528 1777 rhetorica
548 1747 636 1794 per
657 1728 909 1794 ingenium
930 1727 1234 1778 desereretur
1258 1730 1298 1794 ³)
1316 1729 1507 1776 obtun-

91 1799 226 1858 sum,
270 1797 334 1846 ad
368 1797 742 1846 verfificandum
775 1797 1118 1863 transgress'us,
1162 1797 1289 1845 nihil
1330 1815 1507 1862 operae

89 1868 305 1934 pretium
325 1867 458 1916 fecit.
498 1867 559 1915 In
579 1867 678 1915 vita
700 1886 847 1932 parca
874 1882 923 1916 et
951 1865 1140 1929 sobria,
1178 1865 1368 1915 edendi
1409 1886 1508 1932 po-
1528 1878 1559 1922 5

91 1936 327 2002 tandique
358 1934 697 1984 moderatione
727 1936 1058 1985 valetudinem
1088 1937 1156 1985 ita
1187 1935 1388 1984 retinuit
1416 1940 1510 1984 fir-

90 2025 245 2069 mam,
271 2020 330 2054 ut
346 2023 480 2054 raros
503 2001 760 2069 colligeret
783 2007 1013 2067 morbos,
1039 2003 1121 2053 sed
1151 2023 1233 2054 eos
1256 2023 1354 2052 non
1381 2024 1507 2070 pro—

91 2076 174 2123 cul
206 2083 239 2122 a'
259 2075 387 2122 vitae
420 2075 678 2140 periculis:
710 2074 766 2121 id
786 2075 918 2123 enim
939 2075 1134 2129 evenire
1153 2073 1448 2138 corporibus
1481 2093 1509 2122 a

89 2142 285 2192 lascivia
317 2143 528 2191 demotis
558 2157 607 2190 et
640 2144 784 2205 han,
822 2142 1053 2191 diuturna
1100 2145 1426 2208 experimenta
1460 2157 1508 2191 et

91 2212 411 2277 probationes
443 2211 676 2264 medendi
712 2213 1056 2260 monstrarunt.
1146 2215 1336 2260 Somno
1376 2230 1505 2258 con-
1527 2217 1556 2261 6

95 2295 256 2332 tentus
288 2280 492 2345 exiguo,
533 2299 646 2328 cum
678 2280 734 2328 id
768 2281 990 2346 posceret
1026 2297 1218 2346 tempus
1262 2294 1310 2327 et
1353 2281 1504 2328 ratio:

92 2367 279 2416 perque
314 2348 467 2414 spatia
497 2348 623 2396 vitae
657 2350 926 2415 longissima
952 2350 1206 2415 impendio
1238 2349 1414 2410 castus,
1452 2364 1507 2396 ut

95 2437 187 2467 nec
230 2436 361 2466 mare
397 2417 616 2465 ministro
656 2417 822 2468 saltem
866 2419 1141 2485 suspicione
1175 2431 1314 2464 tenus
1351 2419 1506 2481 poss'et

96 2487 352 2552 redargui,
391 2484 530 2552 quod
560 2485 771 2550 crimen,
817 2488 999 2536 etiamfi
1040 2505 1140 2535 nou
1168 2485 1353 2534 invenit
1391 2506 1504 2535 ma·-

98 2557 320 2621 lignitas‚
369 2555 512 2621 fingit
543 2554 594 2602 in
624 2554 923 2608 summarum
961 2555 1157 2607 licentia
1195 2555 1500 2622 potestatum.

102 2740 289 2825 mggu-llvls.
331 2754 465 2778 cornua
505 2741 728 2780 militarium.
790 2744 835 2793 2)
874 2742 944 2782 Ms.
975 2740 1199 2793 suscrupofis.
1263 2743 1309 2792 5)
1337 2742 1405 2780 Ms.
1441 2744 1510 2778 ab«
