1727 3144
231 135 327 179 442
469 148 742 179 AMMIANI
781 147 1171 179 MARCELLINI
1224 148 1374 195 xxvu,
1416 137 1461 180 5.

227 272 300 319 te,
338 275 484 323 quam
504 258 568 304 ob
591 254 781 304 causam
806 275 919 320 gens
942 257 1095 304 amica
1126 256 1380 318 Romanis,
1418 255 1628 304 foederi·

225 328 416 391 busque
437 328 472 391 Ι)
493 326 727 389 ingenuae
761 326 891 389 pacis
920 326 1172 387 obstricta,
1210 345 1454 373 armorum
1484 323 1630 372 dede-

226 411 300 444 rat
323 395 617 443 adminicula
640 395 821 441 bellum
846 394 1155 458 Principibus
1167 395 1402 459 legitimis
1422 395 1630 441 inferen-

226 467 279 512 ti.
356 464 454 520 Qui
486 478 539 509 ut
568 464 988 527 factum2)fi1ma
1030 462 1307 511 defenfione‘
1351 476 1630 527 pungarent7

224 536 408 581 litteias
433 531 649 590 eiusdem
674 532 896 579 obtuleie
915 532 1173 611 Procopii,
1204 547 1258 579 ut
1283 532 1471 596 generis
1503 533 1632 579 Con-

222 602 497 651 stantiniani
528 601 808 665 propinquo
838 601 1099 665 impeiium
1129 600 1221 648 fibi
1251 601 1474 648 debitum
1507 599 1634 646 sum-

221 671 358 737 pvfflse
381 670 834 732 commemorantiS,
873 670 1109 736 veniaque
1133 670 1336 735 dignum
1358 668 1631 717 adserentes

227 758 458 789 err·.01em

183 820 212 848 2
325 809 519 866 Quibus
542 805 717 856 eodem
738 807 975 855 r-efmente
998 807 1212 858 Victote
1223 807 1504 871 compertis,
1535 807 1630 854 Va-

221 878 325 925 lens
357 878 392 943 ³)
417 878 552 942 parvi
584 877 766 923 ducens
808 876 1161 925 excusationem
1200 875 1524 936 vanisfimam,
1577 875 1629 920 in

224 965 309 994 eos
338 946 469 1010 figna
495 944 787 1003 commovit,
826 958 988 991 motus
1019 944 1319 992 adventantis
1360 945 1455 991 iam
1494 961 1630 1007 prae-

220 983 404 1062 scios?
404 1028 451 1060 et
472 1010 766 1076 pubescente
786 1029 897 1059 vere
920 1012 1135 1076 quaelito
1154 1013 1205 1059 iu
1224 1033 1375 1060 unum
1397 1013 1628 1072 exercitu,

222 1099 377 1147 prope
427 1080 691 1144 Daphnem
734 1079 934 1127 nomine
978 1082 1335 1129 munimentum
1376 1082 1441 1129 est
1481 1081 1631 1129 castra

222 1165 458 1198 metatus:
490 1163 740 1215 ponteque
760 1150 1072 1196 contabulato
1102 1148 1243 1213 supra
1272 1150 1466 1197 navium
1496 1151 1632 1198 soros

222 1223 406 1266 flumen
428 1217 735 1281 transgrell'us
757 1218 822 1264 est
844 1217 1060 1265 Histrum
1074 1255 1087 1279 ,
1118 1218 1440 1265 refistentibus
1467 1218 1628 1265 nullis.

179 1289 427 1353 Zlamque
456 1286 672 1334 sublatus
705 1286 912 1347 fiducia,
953 1305 1065 1333 cum
1103 1288 1233 1334 ultro
1274 1288 1498 1353 citroque
1537 1285 1631 1334 dis-

223 1376 422 1405 currens
444 1357 635 1403 nullum
654 1356 920 1416 inveniret,
946 1374 1091 1420 quem
1116 1354 1341 1436 superare
1375 1356 1528 1421 poll'et
1554 1355 1631 1402 vel

222 1441 431 1474 terreie:
467 1443 635 1473 omnes
661 1425 789 1472 enim
819 1424 1083 1471 foimidine
1115 1425 1288 1489 peiciti
1319 1425 1488 1472 militis
1516 1443 1630 1472 cum

224 1496 460 1560 adpaiatu
480 1493 740 1542 ambitioso
767 1493 1167 1558 propinquantis,
1204 1508 1394 1541 montes
1414 1494 1630 1564 petivere

225 1566 313 1612 Sei
318 1585 338 1611 ι
344 1582 484 1611 orum
505 1583 555 1610 ἰι
546 1562 707 1624 duos
745 1577 792 1610 et
811 1561 1070 1609 inaccessos
1091 1562 1178 1609 nili
1199 1581 1435 1627 perquam
1456 1562 1628 1626 gnaris.

181 1627 209 1680 4
227 1635 265 1697 ⁴)
290 1633 401 1681 Ne'
391 1633 538 1697 igitur
552 1670 564 1694 ,
596 1632 768 1679 aestate
789 1631 923 1678 omni
946 1631 1257 1696 consumpta,
1298 1631 1396 1678 line
1427 1633 1528 1678 ullo
1561 1649 1631 1678 re-

223 1716 406 1749 mearet
410 1669 635 1761 ὃεεΗὶὲειριι,
675 1700 950 1748 Arinthaeo
984 1700 1209 1764 magistro
1244 1700 1465 1765 peditum
1492 1699 1629 1746 miss‘o

223 1788 337 1816 cum
356 1770 676 1833 praedatoriis
702 1769 885 1833 globis,
917 1769 1213 1816 familiarum
1237 1771 1398 1834 rapuit
1427 1782 1629 1833 partem,

224 1855 348 1902 quae
379 1853 637 1901 antequam
666 1839 730 1885 ad
760 1837 954 1902 dirupta
978 1839 1197 1885 venirent
1221 1853 1267 1885 et
1289 1837 1499 1885 flexuosa
1521 1838 1631 1900 capi

222 1921 514 1972 pometum,
549 1924 635 1968 per
655 1907 794 1968 plana
814 1924 1097 1969 campoium
1119 1922 1346 1955 er.rantes
1418 1906 1629 1971 Hocque

223 1988 438 2052 tantum,
471 1973 608 2050 quod
624 1974 724 2019 fors
748 1972 975 2032 dederat,
1015 1974 1300 2036 impetrato,
1341 1969 1486 2020 rediit
1514 1992 1628 2020 cum

224 2043 352 2090 fuis
339 2043 712 2102 1unoxius‚nee
731 2041 864 2087 illato
884 2041 1015 2102 gravi
1036 2042 1233 2089 vulnere
1256 2060 1344 2089 nec
1371 2057 1591 2106 accepto.

181 2124 210 2169 5
329 2112 478 2159 Anno
497 2110 702 2174 sequuto
723 2107 914 2172 ingredi
937 2122 1083 2155 terras
1106 2109 1302 2157 hostiles
1333 2111 1437 2173 pari
1466 2110 1629 2188 alacri-

225 2195 322 2229 tate
353 2194 580 2240 conatus,
614 2177 769 2228 zfufius
797 2177 1014 2223 Danubii
1046 2178 1317 2242 gurgitibus
1336 2179 1517 2243 vagatis
1540 2180 1629 2226 im-

222 2249 448 2315 peditus,
476 2246 647 2295 manfit
668 2246 934 2294 immobilis
952 2282 964 2306 ,
998 2265 1054 2310 pn
1059 2264 1151 2310 ope
1176 2248 1265 2295 Can
1271 2266 1443 2311 porum
1464 2249 1626 2296 vicum

222 2319 401 2367 stativis
421 2317 582 2364 castris
605 2314 820 2380 adusque
847 2329 1133 2362 autumnum
1155 2316 1326 2363 locatis
1362 2315 1623 2367 emensum.

223 2385 398 2447 Unde,
437 2386 550 2450 quia
571 2384 697 2432 nihil
717 2385 793 2448 agi
810 2384 971 2450 potuit
1005 2384 1262 2431 dirimente
1291 2385 1625 2448 magnitudine

224 2458 547 2515 fluentorum,
584 2453 989 2518 Marcianopolim
1009 2453 1071 2499 ad
1100 2452 1305 2500 hiberna
1330 2453 1550 2500 discessit.

181 2524 211 2566 6
328 2523 490 2571 Simili
514 2523 777 2587 pertinacia
798 2521 941 2570 tertio
971 2539 1168 2585 quoque
1202 2540 1329 2568 anno
1361 2539 1446 2585 per
1473 2521 1625 2570 Novi·

225 2592 412 2639 dunum
436 2592 639 2640 navibus
662 2592 724 2639 ad
741 2590 1164 2665 transmittendum
1185 2609 1375 2638 amnem
1396 2591 1623 2638 connexis

270 2712 303 2743 χ)
333 2705 400 2739 ΜΓ
426 2707 518 2751 iugf»
574 2708 616 2743 ῃ
647 2708 696 2739 al.
723 2706 848 2755 prima.
903 2707 940 2748 3)
968 2702 1032 2738 us.
1072 2704 1320 2751 parviducens
1377 2710 1412 2749 4)
1440 2708 1481 2742 f&
1512 2712 1622 2751 {gxi-*ff

226 2754 260 2786 in
290 2751 440 2798 vulgatis
469 2753 569 2788 libris
602 2751 708 2788 deest
