1727 3144
209 112 347 146 var„
381 110 672 144 elz-AUAN.
717 114 790 146 ET
826 114 1079 146 VALENT.
1121 113 1164 144 2.
1234 99 1350 161 577.
1457 100 1554 146 585

100 225 110 233 ‘
136 221 287 269 castra
311 221 592 284 movissent,
624 222 760 289 quod
785 225 946 272 fecere
968 223 1288 285 creberrime,
1323 236 1456 288 terga
1477 224 1547 270 ul·

135 292 370 338 timorum
393 291 553 339 adorti
573 293 734 357 plures
757 294 1072 358 perfoderent
1092 291 1277 353 confisi,
1306 311 1548 357 magnam-

136 378 232 424 que
261 359 529 425 spoliorum
563 377 834 410 averterent
867 377 1068 427 partem.
1151 362 1262 409 Hoc
1293 360 1589 415 intellecto7

132 426 323 491 hostes,
368 431 442 491 vel
475 433 832 495 transfugarum
858 431 1053 481 indiciis
1090 430 1251 492 docti,
1304 448 1390 494 per
1420 448 1545 495 quos

134 498 262 544 nihil
283 500 464 547 latebat
486 500 817 565 incognitum,
850 501 901 548 in
945 501 1120 552 eodem
1149 502 1262 548 loco
1297 499 1384 546 diu
1412 517 1546 546 man-

135 565 322 614 serunt:
361 567 444 615 sed
469 570 679 634 oppoliti
700 571 937 618 exercitus
956 585 1090 621 metu
1114 568 1396 634 praestricti,
1429 567 1547 615 alio-

134 654 343 700 rumque
362 639 597 700 militum,
634 657 758 704 quos
780 637 994 686 adfluere
1014 639 1110 686 iam
1139 636 1421 701 sperabant:
1457 634 1550 684 tes-

134 703 234 752 sera
260 706 370 753 data
391 708 585 770 gentili,
614 726 701 771 per
724 705 910 754 diversa
929 725 1085 770 prope
1107 705 1300 753 diffusas
1323 705 1543 754 accivere

133 774 406 822 vastatorias
429 793 622 834 manus,
671 776 707 838 ³)
727 792 849 838 quae
883 773 1052 838 [iuffis]
1087 775 1379 839 optimatum
1412 792 1544 820 acce-

133 843 254 906 ptis,
298 843 453 888 statim
508 855 559 888 ut
613 842 794 889 ineonli
845 844 1089 904 malleoli,
1127 843 1190 890 ad
1238 842 1540 906 carraginem

130 916 301 974 (quam
333 910 399 957 ita
425 910 516 974 ipli
546 911 810 976 adpellant)
852 912 956 959 aliti-
995 911 1254 961 velocitate
1295 909 1544 976 regressae,

132 980 432 1027 incentivum
484 979 701 1026 audendi
741 980 929 1029 maiora·
975 980 1296 1046 popularibus
1344 977 1547 1027 addide-

131 1063 260 1096 runt.
334 1048 475 1095 Nihil
502 1049 610 1112 post
629 1050 751 1097 haec
768 1049 895 1098 inter
918 1064 1080 1116 partes
1104 1064 1294 1115 praeter
1322 1047 1545 1096 inducias
1562 1064 1590 1108 3

130 1118 342 1166 laxatum
363 1117 428 1165 est
451 1117 640 1166 breves.
712 1118 929 1167 Reverfis
952 1120 1082 1167 euim
1106 1120 1207 1180 his,
1242 1135 1367 1184 quos
1386 1116 1548 1166 neces-

134 1186 240 1234 litas
267 1201 516 1249 evocarat,
568 1187 708 1251 plebs
739 1189 897 1235 omnis
930 1189 1060 1236 intra
1086 1187 1362 1253 saeptorum
1393 1186 1547 1234 ambi-

134 1270 238 1303 tum
271 1256 522 1304 etiamtum
557 1255 807 1319 contrusa,
847 1258 1130 1305 immaniter
1164 1258 1404 1313 fremens,
1447 1254 1546 1307 ani-

133 1326 325 1391 misque
358 1325 551 1373 concita
580 1327 894 1389 truculentis,
942 1327 1150 1391 experiri
1177 1326 1417 1391 postrema
1449 1323 1547 1370 dis-

132 1394 365 1456 crimina,
404 1412 494 1442 nec
523 1394 831 1460 principibus
870 1396 1050 1460 gentis,
1101 1396 1188 1460 qui
1221 1396 1445 1454 aderant,
1475 1409 1547 1440 re-

131 1465 420 1525 nuentibus,
450 1463 692 1512 cruditate
721 1465 992 1514 festinabat.
1069 1465 1132 1512 Et
1162 1463 1390 1529 quoniam
1423 1462 1546 1509 haee

132 1532 230 1581 sole
252 1535 518 1597 agebantur
538 1547 755 1581 extremo
769 1571 782 1595 ,
817 1552 1013 1599 noxque
1034 1533 1300 1581 adventans
1327 1531 1389 1578 ad
1411 1530 1546 1595 quie·

132 1617 231 1650 tem
250 1604 292 1668 ⁴)
311 1601 492 1650 invitos
515 1603 756 1650 retinebat
777 1617 824 1650 et
847 1603 1050 1652 maestos
1065 1639 1081 1665 ,
1115 1615 1263 1666 capto
1282 1618 1369 1664 per
1388 1599 1545 1646 otium

130 1671 277 1729 cibo,
325 1670 484 1718 somni
514 1670 795 1720 manserunt
823 1686 1058 1737 expertes.
1133 1672 1314 1718 Contra
1337 1666 1546 1715 Romani
1567 1684 1596 1726 9

130 1740 209 1787 his
259 1740 496 1804 cognitis,
545 1739 637 1805 ipsi
692 1759 890 1806 quoque
944 1740 1194 1789 exsomnes
1254 1737 1547 1786 verebantur

130 1808 318 1870 hosteS,
364 1823 413 1856 et
439 1809 566 1857 male
598 1808 736 1857 sanos
768 1828 940 1858 eorum
986 1808 1216 1856 ductores
1261 1820 1317 1853 ut
1350 1804 1545 1852 rabidas

129 1879 279 1925 feras:
316 1891 544 1926 eventum
561 1878 678 1926 licet
694 1880 984 1943 ancipitem,
1019 1892 1075 1925 ut
1093 1893 1301 1924 numero
1336 1872 1448 1921 satis
1475 1872 1548 1920 in-

127 1947 331 1994 feriores
346 1983 359 2007 ,
391 1945 681 2011 prosperum
703 1962 866 1995 tamen
889 1948 954 1995 ob
975 1946 1226 1994 iustiorem
1254 1941 1330 1992 sui
1351 1940 1543 1991 causam

128 2016 374 2064 mentibus
394 2013 722 2079 exspectantes
744 2014 1021 2080 impavidis.

235 2082 486 2132 Candente
528 2084 694 2148 itaque
736 2085 960 2148 protinus
994 2083 1098 2142 die,
1141 2079 1277 2144 liguo
1309 2077 1374 2126 ad
1411 2097 1542 2126 arma
1565 2099 1615 2129 ιο

129 2150 369 2217 capienda
391 2169 450 2198 ex
472 2165 682 2216 utraque
700 2166 835 2215 parte
856 2170 943 2217 per
965 2152 1113 2204 lituos
1146 2148 1286 2208 dato,
1329 2147 1543 2208 barbari,

0 2223 12 2259 ἶ
69 2269 71 2271 .
128 2220 388 2286 postquam
404 2220 533 2267 inter
555 2237 640 2267 eos
664 2236 726 2267 ex
747 2238 885 2268 more
908 2222 1119 2268 iuratum
1144 2217 1237 2279 est,
1274 2216 1543 2264 tumulosos

129 2291 269 2338 locos
293 2287 522 2354 adpetere
543 2297 876 2336 tentaverunt:
909 2307 1008 2355 quo
1032 2286 1203 2335 exinde
1223 2285 1541 2350 perproclive

130 2372 350 2407 rotarum
371 2357 524 2404 modo
554 2357 728 2404 obvios
750 2357 939 2423 impetu
957 2356 1307 2406 convolverent
1337 2353 1542 2402 acriore.

131 2427 347 2491 Hocque
375 2424 477 2474 viso
510 2424 575 2472 ad
604 2423 715 2472 suos
748 2427 954 2491 quisque
984 2424 1260 2490 manipulos
1280 2440 1545 2488 properans

130 2497 302 2556 miles,
345 2494 504 2542 stabili
536 2492 687 2558 gradu
717 2495 976 2543 confisteus
1007 2512 1097 2542 nec
1130 2493 1422 2557 vagabatur,
1453 2508 1546 2539 nec

131 2564 315 2613 relictis
338 2561 596 2612 ordinibus
621 2563 946 2627 procursabat.
1021 2563 1152 2628 Ergo
1180 2561 1270 2612 ubi
1300 2561 1548 2627 utrimque
1568 2586 1614 2617 n

185 2729 229 2774 3)
258 2726 326 2762 ΜΓ·
357 2740 463 2775 quae.
517 2731 553 2775 4)
576 2727 646 2765 Ms.
677 2737 713 2763 ct
740 2728 863 2775 Sec-ph.
890 2725 1030 2763 invisos.
