1727 3144
275 160 372 204 008
506 174 791 206 >simulam
825 175 1218 207 MAchmeu
1259 174 1411 217 xxm,
1450 177 1492 206 1.
1532 176 1576 206 2.

270 282 435 348 tatus,
467 297 521 332 ut
554 285 777 333 veneficii
818 302 926 332 reus
965 285 1137 333 citatus
1178 284 1244 332 est
1282 303 1396 333 cum
1440 285 1672 335 Hierocle

268 355 403 414 filio,
440 353 743 403 adulescente
779 353 959 401 indolis
991 355 1176 415 bonae,
1218 369 1419 418 urgente
1452 355 1675 419 Diogene

269 422 487 488 quodam
508 437 556 470 et
574 423 656 470 vili
677 437 723 470 et
745 421 848 470 solo
862 460 874 483 ,
912 423 1145 488 omnique
1165 423 1353 471 laniena
1375 425 1673 484 excruciato,

266 506 321 539 ut
356 493 501 540 verba
539 491 775 555 placentia
810 490 1051 556 Principi,
1098 492 1176 539 vel
1215 491 1378 558 potius
1411 492 1673 540 arcessitori

265 562 574 625 loqueretur:
613 578 732 625 quo,
763 579 875 609 cum
894 561 1065 626 poenis
1085 578 1187 608 non
1219 559 1492 609 sufficerent
1523 578 1673 609 mem-

259 627 379 688 bra,
409 630 521 677 vivo
540 629 728 692 exusto,
757 629 858 693 ipse
892 648 1089 695 quoque
1119 629 1326 695 Alypius
1369 630 1474 694 post
1503 631 1676 677 multa-

263 699 449 746 tionem
476 700 720 746 b'onorum
749 699 960 749 exsulare
992 712 1301 763 praeceptus,
1346 699 1504 745 filium
1535 698 1674 745 mise-

262 768 481 815 rabiliter
504 768 705 815 ductum
727 766 788 814 ad
809 781 1034 830 mortem,
1065 768 1178 817 casii
1199 766 1415 833 quodam
1435 766 1671 833 prospero

262 851 547 885 revocatum
581 837 635 902 13)
655 838 859 901 excepit.

213 922 231 949 1
361 906 430 953 ΙΙ,
466 906 559 952 Per
589 905 642 951 id
671 923 816 952 omne
852 919 1043 968 tempus
1073 903 1319 952 Palladius
1348 905 1457 967 ille,
1496 922 1673 969 eoagu-

255 975 360 1021 lum
385 975 605 1020 omnium
626 990 963 1020 aerumnarum
978 1009 992 1033 ,
1037 990 1184 1036 quem
1217 988 1414 1038 captum
1438 993 1463 1020 a
1497 975 1533 1037 1)
1554 974 1671 1021 For-

255 1043 506 1089 tunatiano
530 1040 785 1090 docuimus
806 1041 1046 1106 primum,
1090 1039 1190 1105 ipse
1212 1040 1352 1089 sortis
1378 1042 1419 1108 2)
1442 1042 1670 1090 infimita-

255 1124 303 1157 te
358 1109 419 1156 ad
475 1110 639 1158 omnia
689 1127 944 1175 praeceps,
999 1108 1165 1157 clades
1211 1109 1326 1157 alias
1366 1109 1510 1175 super
1555 1111 1669 1158 alias

255 1179 580 1240 cumulando,
614 1180 826 1226 lacrimis
858 1176 1079 1226 universa
1110 1178 1391 1242 perfuderat
1417 1179 1667 1227 luctuolis.

205 1264 232 1291 2
257 1248 442 1296 Nactus
474 1249 605 1297 enim
634 1248 829 1312 copiam
859 1247 1173 1308 nominandi,
1221 1246 1319 1295 line
1358 1248 1667 1296 fortunarum

255 1318 502 1379 distantia,
531 1335 655 1383 quos
677 1317 925 1378 voluiss'et,
967 1331 1022 1364 ut
1055 1317 1236 1364 artibus
1270 1317 1543 1365 interdictis
1577 1317 1665 1365 im·-

251 1387 424 1435 butos:
467 1388 533 1434 ita
560 1400 615 1434 ut
643 1386 863 1434 ferarum¹
879 1385 1070 1434 occulta
1091 1385 1283 1450 vestigia
1308 1386 1481 1434 doctus
1503 1385 1665 1434 obser-

252 1473 364 1503 vare
387 1470 589 1505 venator
606 1493 619 1517 ,
655 1456 846 1503 multos·v
869 1455 991 1502 intra
1011 1454 1156 1501 caffes
1181 1455 1413 1519 lugubres
1444 1451 1664 1503 include-

249 1526 362 1586 bat,
404 1524 644 1591 quosdam
676 1524 1027 1573 veneficiorum
1059 1523 1232 1570 notitia
1259 1524 1500 1588 pollutos,
1539 1524 1660 1572 alios

246 1609 302 1642 ut
333 1594 690 1659 adpetitoribus
734 1591 1098 1641 imminuendae
1130 1591 1352 1640 conscios
1383 1592 1656 1640 maiestatis.

198 1664 226 1707 3
246 1664 332 1725 Et,
373 1682 434 1712 ne
461 1665 539 1711 vel
574 1662 865 1727 coniugibus
902 1661 1190 1709 maritorum
1222 1675 1414 1710 vacaret
1445 1661 1657 1710 miserias

244 1736 387 1794 flere,
424 1732 813 1782 immittebantur
837 1730 1116 1791 confestim,
1159 1730 1244 1794 qui
1275 1729 1469 1795 lignatis
1500 1730 1658 1778 domi·
1726 1753 1727 1811 ἢ

242 1801 335 1847 bus
362 1803 489 1850 inter
517 1801 748 1850 scrutinia
773 1800 1087 1866 supellectilis
1120 1799 1291 1864 poenis
1328 1799 1538 1861 addicti,
1583 1800 1653 1846 in-

239 1884 544 1917 cantamenta
565 1869 805 1934 quaedam
824 1869 996 1930 anilia,
1029 1869 1105 1915 vel
1127 1867 1161 1933 3)
1181 1868 1451 1916 ludibriosa
1479 1867 1654 1916 subde-
1690 1869 1693 1873 ’
1724 1818 1727 1912 Ι

239 1952 348 1985 rent
367 1938 627 1997 amatoria,
663 1937 726 1984 ad
746 1938 1008 1985 insontium
1034 1937 1303 2001 perniciem
1337 1937 1648 1985 concinnata:
1724 1914 1727 1957 Ι

238 2006 418 2071 quibus
441 2006 490 2052 in
510 2005 696 2052 iudicio
717 2006 945 2065 recitatis,
975 2005 1063 2050 ubi
1087 2022 1187 2051 non
1205 2005 1299 2064 leX,
1332 2023 1431 2051 non
1459 2005 1647 2069 religio,

235 2094 337 2123 non
369 2075 585 2140 aequitas
614 2072 866 2121 veritatem
897 2092 922 2118 a
951 2071 1216 2119 mendaciis
1247 2071 1534 2135 dirimebat,
1577 2075 1648 2121 in—

240 2144 424 2192 defenfi
452 2144 594 2191 bonis
629 2142 828 2202 ablatis,
871 2141 1006 2188 nullo
1036 2141 1250 2188 contacti
1286 2140 1493 2204 delicto,
1536 2161 1645 2207 pro-

235 2213 418 2261 miscue
456 2213 678 2268 iuvenes,
734 2210 913 2274 aliique
959 2210 1191 2257 membris
1229 2210 1457 2257 omnihus
1497 2213 1645 2276 capti,
1719 2195 1722 2254 l

186 2284 217 2338 ’4
237 2283 299 2330 ad
330 2281 566 2348 supplicia
599 2283 638 2346 ⁴)
659 2279 784 2327 sellis
815 2279 1078 2343 gestatoriis
1107 2277 1425 2326 ducebantur.
1517 2280 1641 2329 Inde

232 2354 417 2400 factum
439 2351 504 2399 est
523 2368 609 2415 per
629 2349 900 2396 Orientales
922 2347 1211 2412 provincias,
1237 2355 1295 2393 'ut
1315 2365 1483 2396 omncs
1505 2365 1641 2397 metu
1721 2372 1724 2402 ÷

231 2421 460 2468 limilium
492 2431 746 2467 exurerent
766 2417 961 2464 libraria
988 2416 1178 2464 omnia:
1213 2429 1368 2463 tantus
1389 2417 1637 2467 universos
1716 2400 1724 2451 l

230 2489 466 2537 invaserat
492 2503 664 2536 terror.
748 2486 999 2549 Namque,
1045 2499 1099 2532 ut
1139 2485 1174 2549 ⁵)
1206 2483 1402 2548 pressius
1443 2486 1634 2549 loquar,

231 2576 398 2606 omnes
429 2576 484 2606 ea
525 2556 805 2620 tempestate
846 2556 978 2603 velut
1014 2554 1066 2601 in
1106 2553 1381 2602 Cimmeriis
1423 2557 1635 2602 tenebris
1717 2595 1721 2699 1

276 2746 331 2780 ¹3)
365 2743 433 2777 ΜΓ.
474 2745 625 2790 excepit.
690 2746 722 2786 ι)
755 2741 824 2777 Ms.
858 2740 1127 2774 Fortunatione.
1174 2737 1541 2790 2)R1s.⁴infimitate.
1593 2739 1632 2783 3)

222 2789 291 2825 Ms.
322 2790 418 2825 velut
445 2790 593 2825 ebriosa.
648 2793 687 2833 4)
723 2791 774 2824 al.
810 2785 1040 2835 supplicium.
1094 2791 1132 2831 5)
1156 2784 1223 2820 Ms.
1253 2787 1413 2834 prensus.
