1727 3144
236 170 298 217 953
457 170 734 204 AMMIANI
773 172 1302 214 MARCELLINIXVI,
1339 175 1415 204 10.

232 280 325 328 reis
375 279 731 330 subteminibus
788 280 905 327 texti
960 279 1328 329 circumdedere
1378 279 1630 343 dracones,

231 348 472 397 hastarum
504 350 659 397 aureis
689 349 1039 413 gemmatisque
1064 347 1420 398 summitatibus
1442 351 1630 415 illigati,

227 417 366 465 hiatu
385 419 513 466 vasto
538 418 813 482 perflabiles
829 454 843 478 ,
878 431 925 464 et
943 417 1058 464 ideo
1082 419 1213 465 velut
1232 418 1300 465 ira
1322 419 1494 484 perciti
1521 419 1631 466 fibi-

225 487 404 550 lantes,
435 487 800 551 caudarumque
825 487 1072 533 volumin‘a
1094 486 1422 552 relinquentes
1445 489 1494 534 in
1518 506 1633 542 ven·

188 561 346 604 8tum.
429 556 489 602 Et
519 555 779 602 incedebat
806 551 1040 602 hincinde
1075 554 1197 603 ordo
1233 556 1452 620 geminus
1478 574 1636 604 arma-

228 639 420 686 torum,
462 626 710 690 clypeatus
744 639 888 688 atque
928 625 1171 685 cristatus,
1215 625 1418 673 corusco
1447 625 1633 672 lumine

226 694 450 753 radians,
520 692 690 740 nitidis
735 692 900 740 loricis
939 693 1168 754 indutus3
1221 691 1465 759 sparfique
1510 707 1636 741 cata-

224 763 418 826 phracti
439 762 648 826 equites,
679 780 801 826 quos
824 762 1115 810 clibanarios
1137 762 1362 810 dictitant
1384 765 1423 828 Τ)
1445 762 1634 822 Persa-e,

225 831 484 879 thoracum
516 831 691 877 muniti
721 830 1045 893 tegminibus,
1086 845 1133 879 et
1158 831 1321 878 limbis
1345 831 1512 878 ferreis
1533 831 1636 877 cin-
1666 855 1685 869 κ

225 901 317 961 cti,
364 914 417 947 ut
449 899 704 947 Praxitelis
736 918 885 946 manu
920 900 1073 964 polita
1106 899 1329 948 crederes
1361 900 1630 960 simulacra,

224 986 325 1015 non
345 970 500 1017 viros:
537 988 660 1035 quos
685 969 975 1016 laminarum
995 968 1167 1016 circuli
1196 984 1364 1016 tenues
1397 969 1498 1033 apti
1527 985 1634 1015 cor-

221 1039 357 1101 poris
391 1039 597 1087 flexibus
634 1039 939 1099 ambiebant,
990 1055 1075 1102 per
1104 1037 1268 1085 omnia
1299 1038 1519 1084 membra
1553 1037 1635 1084 de-

225 1105 384 1153 ducti:
413 1122 467 1154 ut
482 1146 494 1168 ,
528 1126 840 1173 quocumque
863 1122 989 1155 artus
1013 1106 1257 1154 neceffitas
1278 1105 1631 1167 commovisset,

220 1175 416 1222 vestitus
467 1192 760 1240 congrueret
806 1178 1046 1224 iunctura*
1085 1175 1628 1239 cohaerenteraptata.

182 1243 467 1307 9Augustus
494 1246 658 1308 itaque
681 1246 843 1292 faustis
868 1246 1070 1291 vocibus
1094 1245 1133 1306 ⁸)
1162 1243 1456 1306 adpellatus,
1493 1260 1634 1290 mon-

219 1312 343 1359 tium
365 1313 664 1378 litorumque
684 1314 938 1360 intonante
957 1312 1147 1375 fragore
1168 1309 1449 1372 cohorruit,
1484 1312 1631 1359 talem

217 1378 268 1427 se
301 1396 498 1447 tamque
529 1382 862 1444 immobilem,
900 1380 1055 1445 qualis
1083 1379 1133 1425 in
1160 1379 1425 1443 provinciis
1448 1378 1544 1426 suis
1565 1381 1633 1427 vi-

154 1447 442 1511 10sebatur,
504 1451 780 1499 ostendens.
880 1449 1009 1496 Nam
1050 1462 1098 1496 et
1137 1465 1316 1513 corpus
1354 1447 1628 1512 perhumile

218 1520 452 1566 curvabat
483 1535 647 1584 portas
687 1519 966 1583 ingrediens
1005 1515 1179 1578 celsaS,
1237 1530 1285 1564 et
1326 1517 1458 1565 velut
1495 1518 1627 1564 collo

214 1589 410 1635 munito
435 1603 618 1634 rectam
640 1589 794 1635 aciem
815 1587 1057 1633 luminum
1078 1584 1282 1633 tendens
1297 1621 1313 1643 ,
1345 1603 1436 1634 nec
1461 1584 1629 1634 dextra

216 1657 432 1717 vultum,
478 1674 568 1704 nec
595 1657 731 1704 laeva
763 1655 1014 1715 flectebat,
1063 1667 1312 1717 tamquam
1340 1656 1629 1718 figmentum

215 1721 459 1771 hominis:
498 1742 628 1781 non,
671 1743 784 1771 cum
806 1737 909 1770 rota
945 1735 1256 1783 concuteret,
1302 1736 1498 1786 nutans,
1535 1741 1627 1771 nec

214 1790 418 1856 spuens,
465 1807 547 1840 aut
576 1811 628 1840 os
663 1808 746 1840 aut
779 1791 944 1838 nasum
972 1805 1163 1854 tergens
1192 1791 1270 1838 vel
1290 1792 1496 1854 fricans,
1533 1811 1628 1839 ma·

150 1878 394 1909 unumve
427 1863 607 1926 agitans
641 1861 768 1910 visus
802 1861 867 1908 est
897 1878 1145 1924 umquam.
1228 1859 1368 1916 Quae
1402 1861 1517 1908 licet
1547 1859 1627 1906 ad·-

209 1929 452 1987 fectabat,
498 1945 634 1978 erant
661 1945 823 1978 tamen
852 1929 973 1975 haec
995 1942 1043 1975 et
1062 1927 1154 1974 alia
1174 1927 1410 1991 quaedam
1429 1929 1481 1975 in
1499 1930 1539 1994 ⁹)
1559 1930 1626 1975 ci-

168 2051 172 2057 ,
217 1998 394 2045 teriore
434 1999 529 2045 vita
569 1998 827 2063 patientiae
867 2015 965 2044 non
1007 1995 1269 2043 mediocris
1314 1995 1522 2058 indicia,
1567 2012 1622 2044 ut

152 2066 476 2114 mexistimari
497 2067 721 2127 dabatur,
752 2067 838 2113 uni
859 2063 1209 2112 illiconceffae.
1284 2064 1438 2128 Quod
1457 2080 1620 2113 autem

210 2153 301 2201 per
334 2153 477 2183 omne
509 2150 700 2200 tempus
733 2133 952 2198 imperii,
996 2150 1086 2180 nec
1115 2133 1166 2179 in
1196 2133 1465 2180 conl'ess'um
1487 2135 1621 2184 vehi..

212 2204 312 2251 culi
343 2222 635 2268 quemquam
666 2203 900 2267 suscepit,
944 2219 1035 2249 nec
1061 2201 1111 2247 in
1134 2203 1297 2249 trabea
1315 2202 1502 2250 socium
1525 2203 1622 2267 pri-

212 2288 378 2321 vatum
411 2271 637 2333 adscivit,
672 2286 728 2319 ut
762 2272 921 2318 secere
960 2271 1201 2334 principes
1234 2271 1292 2336 ¹0)
1333 2272 1618 2335 consecrati,

215 2357 263 2389 et
282 2341 453 2388 similia
474 2341 652 2403 multa,
693 2342 745 2405 ¹¹)
768 2357 890 2405 quae
911 2340 1061 2386 elatus
1093 2339 1143 2385 in
1174 2338 1379 2386 arduum
1408 2338 1619 2404 superci-

211 2411 334 2456 lium
370 2424 616 2474 tamquam
645 2411 774 2473 leges
806 2407 1100 2471 aequissimas
1131 2408 1425 2468 observavit,
1482 2427 1617 2473 prae·

213 2493 376 2542 temo,
409 2496 623 2541 memor,
652 2497 706 2527 ea
727 2495 805 2526 me
827 2476 1063 2542 retuliss'e‚
1093 2495 1206 2525 cum
1228 2476 1515 2524 incidiss'ent.

263 2732 304 2781 7)
332 2734 400 2771 ΜΓ.
430 2734 622 2786 personati.
675 2740 709 2777 8)
732 2735 935 2784 appellatus
966 2763 1176 2773 ......
1210 2738 1334 2772 otium.
1387 2737 1430 2785 9)
1456 2736 1507 2772 al.
1537 2748 1614 2770 cae—

215 2791 290 2817 tera
315 2781 394 2817 vita.
451 2788 510 2829 10)
535 2782 605 2818 ΜΓ.
636 2782 844 2820 consecrati.
901 2786 958 2830 ιι)
985 2786 1029 2821 τὸ
1053 2798 1149 2832 quae
1173 2784 1240 2818 Mt.
1271 2780 1378 2818 deest.

1725 553 1727 602 ⁴
