1727 3144
214 120 312 168 (318
688 134 1166 165 EXCERPTA

219 242 436 306 regnavit
486 244 675 303 Italiae,
742 242 965 289 viliffimo
1003 241 1177 288 habitu
1220 240 1407 288 invenis
1451 240 1624 289 statura

218 330 451 377 procerus
480 312 765 360 advenerat:
809 311 893 376 qui
925 310 1041 358 dum
1070 311 1401 358 humillimum
1439 323 1623 357 tectum

218 383 418 428 cellulae
452 382 553 428 eius
585 380 670 427 suo
702 381 882 427 vertice
915 380 1244 443 contingeret,
1290 379 1527 425 inclinans
1557 377 1637 440 se,⁴

219 470 248 497 a¹
269 452 371 498 viro
393 451 489 497 Dei
509 448 773 512 gloriosum
804 449 847 496 se
880 450 985 496 fore
1020 451 1266 510 cognovit.
1294 471 1295 474 ¹
1355 447 1447 495 Cui
1478 447 1626 494 etiam

218 521 323 566 vale
343 519 554 579 dicenti,
589 519 749 579 Vade,
785 518 969 582 inquit,
998 517 1060 564 ad
1084 519 1301 578 Italiam,
1347 516 1469 564 vade
1501 515 1630 563 vilis-

218 589 346 635 limis
371 607 499 635 nunc
525 589 730 652 pellibus
748 602 1038 651 coopertus,
1075 585 1158 633 sed
1193 587 1355 634 multis
1385 586 1484 632 cito
1520 586 1628 649 plu-

143 663 199 718 47
222 658 338 703 rima
367 659 640 721 largiturus.
722 656 927 705 Interim
953 670 1009 702 ut
1038 657 1132 703 Dei
1164 656 1372 703 famulus
1409 655 1454 701 ei
1491 671 1627 718 prae-

220 726 431 783 dixerat,
458 745 571 774 mox
591 727 643 773 in
668 727 807 773 Italia
828 724 1059 788 ingress'us
1081 725 1161 786 est,
1194 743 1397 789 regnum
1421 723 1623 787 accepit.

219 795 409 856 Eodem
431 810 652 859 tempore
685 794 950 842 Odoachar
970 811 1051 840 rex
1072 812 1259 842 memor
1282 795 1452 853 factus,
1489 789 1627 856 quod

217 884 244 911 a
261 866 365 912 viro
385 863 548 909 sancto
570 862 880 925 praedictum
905 861 1150 921 audierat,
1195 863 1353 909 statim
1381 860 1629 907 familiari-

218 948 291 980 ter
310 934 492 978 litteras
514 929 576 976 ad
598 948 710 976 euin
734 929 975 992 dirigenS,
1021 929 1056 973 fi
1092 947 1185 992 qua
1217 926 1448 992 speranda
1483 928 1635 986 duce-

219 1015 317 1061 ret7
350 999 496 1046 dabat
515 997 797 1062 suppliciter
818 998 1085 1060 optionem.
1158 997 1288 1060 Ergo
1311 997 1383 1044 vir
1410 998 1505 1044 Dei
1526 1011 1629 1044 tan-

219 1071 282 1117 tis
304 1071 468 1133 itaque
494 1068 594 1115 eius
629 1067 854 1131 alloquiis
890 1084 974 1130 per
1005 1066 1188 1113 litteras
1216 1066 1471 1127 invitatus,
1509 1068 1629 1113 Am-

217 1138 435 1186 brosium
458 1135 1032 1201 quemdam*exsulantem
1066 1149 1203 1199 rogat
1237 1134 1448 1182 absolvi:
1490 1136 1627 1182 cuius

141 1203 201 1257 43
224 1208 489 1256 Odoachar
511 1203 891 1270 gratulabundus
928 1204 1082 1267 paruit
1112 1204 1377 1268 imperatis.
1471 1204 1629 1268 Igitur

222 1277 488 1325 Odoachar
519 1294 597 1321 rex
626 1275 808 1321 bellum
839 1273 971 1336 gcssit
999 1273 1224 1320 adversus
1254 1273 1446 1336 Rugos,
1503 1290 1627 1337 quos

218 1348 269 1394 :in
302 1346 515 1393 secundo
545 1344 685 1402 vicit,
715 1357 778 1391 ,et
808 1342 1026 1389 funditus
1054 1341 1248 1389 delevit.
1340 1341 1467 1388 Nam
1507 1342 1627 1389 dum

219 1414 322 1479 ipse
346 1414 458 1462 esset
476 1416 635 1461 bonae
658 1411 947 1472 voluntatis,
992 1425 1038 1457 et
1066 1411 1271 1458 Arianae
1302 1410 1458 1458 sectae
1490 1412 1628 1458 favo-

219 1504 323 1532 rem
347 1484 622 1548 praeberet‚
656 1481 873 1545 quodam
901 1495 1121 1543 tempore
1151 1480 1271 1526 dum
1302 1494 1627 1527 memoratum

219 1572 385 1618 regem
408 1553 550 1599 multi
574 1552 763 1598 nobiles
785 1568 947 1598 Coram
972 1548 1135 1596 sancto
1161 1550 1266 1596 viro
1295 1548 1538 1609 humana,
1572 1562 1629 1596 ut

219 1625 328 1670 fieri
359 1623 505 1682 solet,
550 1621 829 1670 adulatione
848 1618 1127 1678 laudarent3
1160 1618 1627 1682 interrogatsquem

219 1710 382 1755 regem
414 1690 558 1737 tantis
590 1689 860 1754 praeconiis
892 1687 1235 1751 praetuliffent.
1317 1686 1630 1750 Responden-

219 1762 349 1808 tibus
373 1760 678 1820 Odoacrem,
726 1759 916 1822 inquit,
957 1757 1042 1820 qui
1074 1755 1197 1802 dixit
1225 1756 1319 1817 eis,
1370 1756 1501 1803 [nter
1531 1770 1627 1804 tre-

219 1830 379 1876 decim
400 1844 447 1876 et
474 1826 845 1892 quatuordecim
865 1845 874 1874 :
905 1843 1056 1873 annos
1077 1824 1307 1873 videlicet
1324 1825 1501 1889 integri
1522 1825 1625 1872 eius

218 1899 355 1961 regni
383 1898 671 1960 significans.

141 1962 196 2018 {59
320 1966 459 2013 Zeno
482 1966 646 2028 itaque
671 1961 1041 2025 recompensans
1070 1963 1322 2011 beneficiis
1354 1960 1628 2011 Theoderi-

218 2053 358 2094 cum,
401 2051 547 2097 quem
580 2032 696 2079 fecit
725 2030 989 2075 Patricium
1024 2045 1071 2078 et
1110 2031 1395 2090 Consulem,
1441 2031 1627 2076 donans

218 2106 264 2152 ei
287 2103 522 2161 multum,
553 2115 599 2148 et
620 2100 814 2146 mittens
837 2114 947 2143 eum
970 2097 1031 2144 ad
1061 2099 1265 2144 Italiam.
1341 2098 1434 2146 Cui
1463 2098 1628 2146 Theo-

220 2173 412 2221 dericus
435 2183 685 2234 pactuatus
707 2167 795 2225 est,
825 2178 895 2226 ut,
928 2163 964 2212 [i
987 2166 1141 2214 victus
1161 2166 1321 2214 fuiffet
1342 2166 1623 2227 Odoachar,

215 2260 309 2309 pro
332 2240 507 2288 merito
527 2239 753 2286 laborum
771 2233 968 2281 suorum
988 2236 1099 2282 loco
1120 2236 1247 2298 eius,
1285 2234 1403 2282 dum
1433 2235 1625 2283 adveni-

219 2326 317 2372 ret,
376 2322 564 2357 tantum
619 2317 967 2370 praei-eguaret.
1067 2304 1197 2368 Ergo
1257 2303 1625 2369 superveniente

219 2377 536 2428 Theoderico
576 2374 786 2422 Patricio
827 2371 887 2419 de
924 2372 1115 2421 civitate
1156 2373 1298 2421 Nova
1333 2392 1442 2420 cum
1483 2389 1624 2437 gente

222 2448 462 2507 Gothica,
501 2444 663 2493 miffus
692 2443 753 2490 ab
785 2441 1074 2505 imperatore
1104 2437 1308 2489 Zenone
1327 2441 1386 2490 de
1408 2443 1624 2506 partibus

143 2515 202 2559 50
228 2515 445 2565 Orientis
467 2513 528 2562 ad
550 2509 907 2561 defendendam
930 2510 1020 2557 fibi
1049 2511 1254 2558 Italiam.
1336 2512 1428 2558 Cui
1458 2529 1626 2558 occur-

225 2587 289 2634 rit
316 2583 532 2633 venienti
563 2580 824 2630 Odoachar
854 2578 917 2625 ad
949 2580 1154 2627 fluvium
1183 2579 1434 2640 Sontium,
1481 2594 1528 2626 et
1553 2579 1623 2627 ibi

221 2671 443 2721 pugnans
465 2671 578 2699 cum
611 2649 812 2709 eodem,
845 2648 1001 2696 victus
1026 2649 1163 2713 fugit.
1237 2649 1305 2695 At
1323 2666 1437 2696 vero
1460 2649 1624 2713 Odoa-

221 2742 303 2776 ‚ccr
337 2723 457 2770 abiit
484 2722 536 2771 in
566 2721 843 2779 Veronam,
888 2732 936 2766 ct
961 2718 1067 2765 fixit
1094 2716 1317 2766 foss'atum
1354 2717 1405 2763 in
1448 2735 1622 2782 campo
