1727 3144
222 136 312 181 156
451 150 720 183 ΑΜΜΙΛΜ
764 152 1148 185 manentum
1185 141 1410 199 xvx11,4.
1460 170 1464 174 -

213 259 458 324 gelidique
489 260 623 324 regni
649 260 918 325 cupiditate
956 261 1100 325 supra
1133 262 1358 312 homines
1392 264 1614 327 flagrans,

213 347 344 374 arma
363 328 586 393 vitesque
611 331 812 394 patabat
845 345 891 378 et
923 346 1249 393 commeatus,
1293 331 1489 380 consilia
1522 346 1615 379 tai-

211 397 357 444 tureis
380 399 602 445 manibus
628 397 859 459 miscens,
897 415 945 449 et
965 402 1002 466 ¹)
1030 400 1413 465 praestigiatones
1443 418 1612 449 omnes

211 465 466 515 contulens
490 466 772 515 defuturis:
811 438 987 533 hisque
1021 469 1132 517 satis
1163 469 1406 530 collectis,
1446 487 1615 535 penva-

214 534 326 582 dete
349 550 522 583 cuncta
548 537 698 600 plima
721 540 856 585 verni
880 540 1115 603 temperie
1148 539 1406 604 cogitabat.

170 618 200 647 2
309 604 370 650 Et
390 623 502 651 cum
530 604 651 652 haec
680 607 841 671 primo
873 625 1117 670 rumores,
1160 609 1274 656 dein
1307 607 1467 655 nuntii
1494 607 1617 655 certi

208 675 506 736 perferrent,
536 692 804 740 omnesque
822 675 1076 741 suspensos
1096 676 1461 729 adventantium
1492 676 1615 725 cala-

209 742 781 808 mitatum'compliearet
810 765 982 810 magna
1016 746 1258 807 formido,
1312 746 1353 810 ²)
1400 745 1614 793 Comita-

209 811 352 858 tenlis
403 813 586 859 fabrica
633 813 855 862 eamdem
896 814 1128 864 incudem
1173 817 1246 879 (ut
1285 814 1486 879 dicitur)
1527 812 1616 859 diu

207 891 457 944 noctuque
479 880 734 929 tundendo
755 882 816 934 ad
840 883 1110 948 spadonum
1129 884 1410 944 arbitrium,
1453 883 1616 947 Impe-

204 950 366 1001 ratoris,
392 950 428 1013 ³)
456 949 692 1014 suspicaci
723 971 776 999 ac
809 953 984 1000 timido
1013 951 1300 1001 intendebat
1324 951 1614 1016 Urlicinum,

204 1019 339 1066 velut
352 1019 521 1065 vultus
540 1020 792 1083 Goigonei
817 1021 1118 1069 tolvitatem:
1154 1021 1276 1069 haec
1308 1020 1450 1085 saepe
1480 1020 1615 1067 talia-

207 1105 301 1151 que
359 1086 626 1162 iepl'tcaus,
678 1088 814 1153 quod
862 1091 1160 1154 interempto
1196 1090 1424 1152 Silvano,
1479 1088 1611 1153 quali

202 1155 436 1219 paenuiia
465 1156 726 1204 melioium
753 1157 816 1204 ad
842 1157 1042 1207 tuendas
1082 1172 1241 1222 partes
1279 1159 1406 1206 ans
1449 1157 1612 1205 denuo

165 1224 397 1282 5mill'us,
443 1225 584 1271 altius
620 1226 895 1273 anhelabat.
989 1226 1098 1272 Hac,
1136 1240 1298 1273 autem
1329 1225 1614 1274 adsentandi

204 1293 355 1339 nimia
378 1292 612 1344 foeditate
639 1295 840 1341 mercari
860 1295 1139 1358 complures
1169 1294 1450 1342 nitebantur
1470 1294 1616 1343 Euse-

203 1362 277 1408 bii
302 1363 546 1419 favorem,
594 1364 810 1410 cubiculi
842 1377 958 1411 tunc
983 1361 1273 1427 praepositi,
1308 1361 1441 1428 apud
1466 1381 1614 1428 quem

205 1429 262 1495 (li
291 1449 401 1479 vere
435 1430 534 1477 dici
566 1431 762 1497 debeat)
798 1435 950 1479 multa
980 1431 1288 1479 Constantius
1313 1432 1501 1496 potuit,
1534 1449 1612 1479 an-

203 1499 374 1546 tedicti
395 1499 603 1562 magistri
632 1501 854 1565 equitum
893 1500 1095 1548 salutem
1122 1501 1297 1549 acriter
1325 1501 1612 1566 impugnan-

205 1568 290 1628 tis,
342 1570 526 1616 ratione
563 1569 762 1616 bifaria:
811 1570 947 1633 quod
978 1569 1201 1617 omnium
1228 1569 1358 1617 solus
1389 1588 1479 1618 nec
1504 1570 1612 1634 opis

206 1637 308 1683 eius
341 1639 543 1700 egebat,
583 1652 637 1685 ut
668 1639 869 1695 caeteri,
915 1654 962 1686 et
995 1637 1146 1686 domo
1179 1637 1260 1685 sua
1296 1656 1394 1687 non
1415 1638 1614 1687 cederet

163 1705 524 1767 4.A11tiochiae,
569 1726 715 1772 quam
745 1708 1066 1755 molestiffime
1098 1708 1401 1771 flagitabat.
1434 1707 1614 1763 Quint

203 1774 407 1821 coluber
424 1777 567 1839 copia
586 1777 717 1823 virus
746 1778 1040 1837 exuberans,
1087 1789 1311 1824 natorum
1341 1774 1614 1824 multitudi-

202 1860 314 1889 nem
337 1843 484 1890 etiam
503 1858 608 1891 tum
628 1864 768 1908 aegre
785 1844 1082 1910 serpentium
1104 1845 1316 1892 excitans
1339 1845 1401 1892 ad
1433 1862 1613 1891 nocen-

205 1910 349 1971 dum,
391 1912 641 1960 emittebat
668 1914 1038 1962 cubicularios
1026 1931 1123 1959 iam
1148 1912 1369 1961 adultos:
1407 1926 1463 1960 ut
1482 1913 1610 1959 inter

200 1979 463 2028 minilteiia
486 1981 610 2028 vitae
630 1980 901 2029 secretioiis
917 2018 930 2042 ,
961 1981 1226 2057 gracilitate
1251 1998 1282 2028 v
1287 1982 1387 2028 ocis
1420 1983 1609 2045 lemper

205 2048 403 2112 1⁸·ue1ilis
433 2063 480 2095 et
513 2049 743 2111 blandae,
788 2049 920 2115 apud
954 2049 1185 2114 plincipis
1217 2067 1354 2097 aures
1398 2051 1606 2097 nimium

200 2117 390 2179 patulas
414 2118 813 2167 existimationem
836 2118 927 2167 viu
951 2118 1090 2165 fortis
1123 2117 1306 2165 invidia
1339 2119 1475 2182 giavi
1504 2119 1610 2182 pul-

162 2184 384 2233 51'arent:
423 2201 472 2233 et
492 2187 627 2234 brevi
648 2186 764 2235 iuffa
784 2188 1018 2235 fecerunt.
1089 2186 1283 2234 Horum
1311 2201 1358 2235 et
1377 2187 1604 2235 similium

201 2253 366 2302 taedio
394 2255 527 2302 iuvat
548 2270 759 2304 veterem
793 2255 991 2303 laudare
1021 2256 1387 2318 Domitianum,
1437 2257 1522 2321 qui
1551 2257 1606 2303 li-

201 2337 279 2369 cet
312 2324 459 2387 patris
496 2325 755 2389 fratrisque
798 2324 1032 2371 diffimilis
1066 2325 1353 2371 memoriam
1390 2325 1605 2372 nominis

200 2390 273 2439 sui
306 2393 596 2457 inexpiabili
629 2393 941 2441 detestatione
979 2393 1224 2458 perfudit,
1276 2407 1433 2440 tamen
1475 2411 1603 2440 rece-

202 2461 407 2523 ptissima
436 2462 662 2509 inclaruit
688 2464 819 2527 lege,
858 2481 952 2527 qua
981 2462 1235 2510 minaciter
1268 2461 1600 2523 interdixerat,

202 2546 263 2575 ne
291 2529 415 2576 intra
444 2532 677 2578 terminos
708 2530 1059 2578 iurisdictionis
1090 2531 1334 2578 Romanae
1378 2530 1603 2577 castraret

201 2597 457 2663 quisquam
479 2618 709 2665 puerum:
742 2599 877 2666 quod
899 2600 949 2646 ni
969 2599 1264 2663 contigisset,
1302 2599 1410 2664 quis
1431 2616 1603 2646 corum

252 2772 280 2800 1)
311 2758 373 2793 ΜΓ.
404 2762 627 2809 praestionis.
687 2768 722 2814 2)
761 2766 811 2801 al.
857 2764 1083 2802 Comitenfis.
1139 2768 1172 2813 3,
1201 2768 1253 2802 al.
1279 2764 1482 2814 suspicanti.
