1727 3144
174 147 269 191 552
396 163 664 194 ΑΜΜῙΑΝΙ
710 163 1104 197 MAiicaLtzNi
1160 165 1309 212 xxm,
1362 150 1407 197 6.

175 285 221 317 et
250 272 534 338 Cyropolis,
576 287 623 321 et
652 273 922 333 Ecbatana,
962 271 1051 320 sub
1091 273 1284 322 Iasonio
1319 290 1486 323 monte
1524 276 1576 322 in

99 345 155 396 40
175 342 312 388 terris
363 340 473 388 fitae
517 341 915 406 Syromedoruni.
996 342 1181 390 Amnes
1226 343 1309 391 has
1354 346 1576 408 regiones

171 423 480 473 praetereunt
510 411 677 471 inulti,
711 430 920 475 quorum
951 412 1149 458 maximi
1175 413 1282 460 lunt
1313 412 1576 478 Choaspes,

173 493 220 526 et
242 478 438 543 Gyndes
453 517 464 539 ,
497 494 542 526 et
565 481 832 536 Amardus,
855 493 911 543 ⁴et
932 479 1205 542 Charinda,
1233 496 1279 528 et
1300 481 1574 547 Cambyses,

172 562 220 594 et
248 549 422 612 Cyrus,
469 548 548 594 cui
581 566 754 613 magno
777 564 824 597 et
845 550 902 613 ιο)
924 548 1143 613 specioso
1168 552 1319 615 Cyrus
1340 551 1422 598 ille
1441 549 1580 615 supe-

170 617 271 663 rior
312 635 391 664 rex
426 617 671 678 amabilis,
727 617 911 666 abolito
953 632 1140 680 vetere,
1187 618 1241 666 id
1279 620 1577 668 vocabulum

172 684 332 746 dedit,
363 706 475 733 cum
502 701 723 750 ereptum
753 688 822 734 ire
856 704 1000 750 regna
1032 688 1261 753 Scythica
1291 688 1576 737 destinaret:

171 754 307 818 quod
333 771 379 802 et
405 756 541 803 fortis
568 756 660 817 est,
705 770 760 802 ut
785 755 1059 820 ipseetiam
1089 758 1359 819 ferebatur,
1403 772 1450 805 et
1480 756 1578 803 vias

169 822 284 884 libi,
325 839 378 877 ut
412 826 520 884 ille,
570 825 758 889 impetu
787 824 972 889 ingemi
1004 826 1227 886 molitus,
1267 827 1319 873 in
1348 825 1577 889 Caspium

173 891 415 940 delabitur
440 911 584 948 mare.

95 953 148 1004 4²
268 961 356 1008 Per
382 976 558 1008 tractus
583 959 878 1008 meridianos
903 959 1132 1024 expansa,
1175 961 1283 1024 post
1310 961 1430 1009 haee
1462 979 1578 1009 con-

168 1030 311 1089 finia,
356 1030 604 1076 littoribus
635 1028 849 1091 proxima
892 1028 1046 1074 Perfis
1082 1029 1331 1077 habitatur
1361 1031 1575 1095 antiqua,

170 1097 368 1144 minutis
412 1097 631 1159 frugibus
683 1094 818 1143 dives
863 1111 911 1143 et
950 1097 1178 1161 palmite,
1240 1099 1576 1164 aquarumque

169 1165 309 1229 copia
332 1165 683 1212 iueundillima.
727 1188 730 1190 ’
756 1167 940 1211 Amnes
963 1165 1147 1229 quippe
1180 1167 1322 1212 multi
1350 1186 1436 1230 per
1467 1186 1576 1215 eam

169 1235 470 1281 antedictum
507 1237 719 1280 innuunt
750 1233 931 1280 finum:
991 1251 1202 1298 quorum
1238 1235 1439 1289 maximi,
1468 1235 1579 1284 sunt

167 1304 504 1362 Vatrachites,
539 1305 588 1366 ΓΔ)
610 1302 933 1365 Rogo'nianis,
971 1317 1017 1349 et
1038 1301 1291 1363 Brisoana,
1324 1317 1467 1367 atque
1495 1305 1579 1351 ssa-

94 1373 150 1426 42
168 1373 330 1437 gracia.
412 1371 612 1436 Oppida
645 1389 761 1418 vero
791 1371 1144 1418 mediterranea
1175 1370 1285 1418 sunt
1315 1373 1578 1437 ampliora:

167 1443 408 1489 incertum
429 1442 575 1501 enim,
609 1458 704 1505 qua
726 1440 912 1488 ratione
935 1458 1021 1504 per
1042 1458 1146 1486 oras
1168 1441 1431 1494 maritimas
1451 1441 1578 1488 nihil

167 1509 498 1558 condiderunt
517 1508 725 1573 insigne:
757 1509 884 1556 inter
905 1527 1027 1573 quae
1046 1508 1318 1572 Persepolis
1338 1509 1404 1571 est
1429 1511 1575 1572 clara,

168 1595 215 1627 et
236 1580 426 1640 Ardea,
460 1594 508 1626 et
526 1579 583 1643 124)
606 1578 866 1639 Obroatis,
904 1593 1049 1642 atque
1079 1577 1371 1641 Tragonice.
1442 1578 1578 1626 Insu-

166 1650 240 1696 lae
273 1666 388 1696 vero
419 1647 637 1696 visuntur
668 1646 739 1692 ihi
772 1661 868 1694 tres
901 1661 1115 1708 tantum,
1162 1649 1217 1712 ¹⁵)
1241 1647 1486 1710 Tabiana,
1528 1661 1577 1696 et

171 1719 317 1776 Fara,
367 1731 414 1764 et
435 1714 747 1764 Alexandria.
1036 1757 1038 1778 =

95 1783 151 1837 45
263 1787 354 1832 His
382 1787 717 1850 propinquant
755 1783 927 1831 Parthi
953 1783 1027 1831 [iti
1056 1783 1145 1831 sub
1175 1783 1451 1850 Aquilone,
1495 1801 1577 1831 co-

169 1857 322 1902 lentes
345 1855 525 1900 nivales
548 1869 694 1901 terras
715 1867 763 1900 et
787 1852 1065 1916 pruinosas:
1107 1871 1320 1918 quorum
1352 1853 1575 1917 regiones

172 1924 408 1972 Choatres
441 1923 615 1968 fluvius
655 1921 961 1968 interscindit
989 1922 1189 1969 caeteris
1222 1919 1574 1968 abundantior:

172 2007 219 2040 et
246 1993 366 2039 haee
397 1990 589 2055 potiora
620 1988 820 2036 refiduis
854 1989 964 2036 sunt
995 1988 1205 2052 oppida,
1239 1991 1295 2053 ¹⁴)
1331 1988 1572 2050 Genonia,

169 2060 379 2121 Moesta,
417 2060 630 2117 Charax,
665 2056 899 2121 Apamia,
935 2057 1206 2116 Artacana,
1247 2070 1295 2104 et
1313 2056 1574 2104 Hecatom-

171 2131 338 2196 pylos,
378 2148 404 2175 a
434 2128 571 2178 euius
605 2125 786 2172 finibus
820 2143 904 2188 per
939 2123 1111 2188 Caspia
1150 2125 1316 2173 littora
1351 2124 1572 2189 adusque

174 2213 423 2262 portarum
451 2195 681 2260 angustias
710 2192 859 2241 stadia
898 2192 1215 2259 quadraginta
1256 2208 1574 2242 numerantur

96 2266 151 2319 fis}
173 2283 217 2314 et
238 2268 384 2315 inille.
455 2265 567 2312 Feri
601 2263 712 2310 sunt
742 2263 841 2310 illic
875 2262 1172 2310 habitatores
1203 2281 1441 2327 pagorum
1471 2280 1574 2310 om-

170 2338 303 2383 nium
319 2374 330 2396 ,
370 2349 514 2400 atque
536 2349 798 2398 pugnaces:
841 2349 1022 2396 eosque
1042 2331 1105 2378 ita
1123 2330 1386 2379 certamina
1407 2332 1573 2379 iuvant

171 2420 217 2452 et
241 2406 393 2464 bella,
429 2418 481 2450 ut
499 2401 740 2450 iudicetur
762 2401 887 2448 inter
908 2402 1026 2447 alios
1054 2418 1221 2448 omnes
1253 2400 1446 2461 beatus,
1485 2400 1571 2462 qui

170 2474 217 2520 in
245 2474 430 2537 proelio
456 2473 506 2537 ¹⁵)
527 2469 802 2539 profuderit
820 2469 1045 2516 animani.
1117 2467 1417 2516 Excedentes
1440 2468 1568 2514 enim

221 2681 276 2722 ιο)
307 2679 374 2714 Ms.
410 2679 588 2726 specioso.
659 2679 720 2721 ιι)
752 2676 820 2712 ΜΓ.
858 2674 1115 2728 Rogomanius.
1184 2673 1239 2717 12)
1268 2669 1336 2705 ΜΓ.
1364 2670 1565 2705 Habraatis.

174 2726 333 2807 &salsi
369 2727 561 2762 Cadianas.
626 2732 681 2772 14)
705 2724 771 2761 Ms.
804 2724 990 2762 Gen‘oma,
1025 2719 1181 2759 Moefia,
1210 2717 1362 2754 Charax.
1420 2718 1482 2764 ¹5)
1514 2718 1573 2750 al.r
