1727 3144
181 178 237 210 12
378 176 676 211 ,Asturam
707 176 1095 209 iuncinum
1163 176 1280 222 mv,
1315 163 1363 207 5.

128 288 156 348 ἱ
272 288 314 352 ⁴)
348 287 665 336 Accedebant
693 287 823 334 enim
869 285 971 334 eius
1016 285 1287 352 asperitati,
1335 285 1426 333 ubi
1466 284 1571 332 im-

169 356 368 404 minutae
386 355 463 405 vel
488 354 614 404 laesa
655 355 928 419 amplitudo
965 354 1171 419 imperii·
1197 353 1476 415 dicebatur,
1523 360 1572 401 e't

166 423 428 487 iracundae
448 422 779 488 suspicionum
800 424 1058 489 quantitati
1080 424 1416 488 proximorum
1439 441 1569 470 cru-

169 508 305 542 entae
329 493 622 554 blanditiae,
654 492 1046 557 exaggerantium
1065 491 1329 540 incidentia
1345 531 1358 555 ,
1398 506 1446 540 et
1469 492 1571 539 do·-

166 563 268 611 lere
289 562 549 628 ,impendio
591 562 945 623 simulantium,
991 562 1029 610 li
1053 561 1303 626 ‘principis
1348 557 1571 626 perditur

165 632 292 694 vita,
337 650 364 679 a
391 631 530 679 cuius
563 630 709 678 salute
742 632 874 679 velut
903 631 988 679 filo
1010 629 1225 696 pendere
1245 630 1419 678 statum
1439 629 1575 677 orbis

124 714 403 759 5terrarum
421 701 548 749 fictis
567 700 770 747 vocibus
795 701 1146 750 exclamabant.
1172 722 1175 727 >
1219 699 1442 764 Ideoque
1463 698 1570 745 fer-

164 784 267 832 tur,
296 770 542 818 neminem
565 769 830 834 aliquando
851 769 916 817 ob
937 769 1058 817 haec
1079 769 1156 816 vel
1176 767 1346 816 fimilia
1382 785 1567 832 poenae

165 837 442 899 addictum,
489 838 657 885 oblato
692 836 753 885 de
780 838 1110 904 more·elogio
1141 835 1569 897 revocariiuffiss'e,

163 906 302 974 quod
319 899 642 958 inexorabiles
664 925 863 973 quoque
884 907 1128 972 principes
1139 907 1435 954 factitarunt.
1512 904 1570 951 Et
1630 901 1634 907 ’

162 976 354 1034 exitiale
383 975 482 1023 hoc
522 976 718 1037 vitium,
772 978 910 1039 quod
940 976 992 1022 in
1024 975 1129 1023 aliis
1168 993 1267 1022 non
1301 992 1568 1039 numquam

160 1044 442 1109 intepescit,
483 1045 533 1092 in
564 1044 673 1105 illo,
713 1045 881 1101 aetatis
920 1043 1171 1109 progressu.
1210 1041 1569 1102 effervescebat,

163 1113 456 1161 obstinatum
481 1113 584 1162 eius
603 1114 908 1178 propofitum
925 1113 1223 1161 accendente
1256 1111 1568 1160 adulatorum

161 1182 382 1233 ebbone.

115 1262 147 1301 6
258 1250 393 1297 Int'cr
416 1268 539 1314 quos
563 1249 745 1296 Paulus
774 1249 1021 1297 eminebat
1049 1249 1308 1308 Notarius,
1350 1263 1484 1296 ortus
1516 1247 1569 1294 in

161 1318 395 1383 Hispania
410 1355 422 1378 ,
459 1318 495 1382 ⁵)
518 1317 687 1381 glabro
710 1315 911 1380 quidam
941 1316 1030 1363 sub
1051 1319 1190 1364 vultu
1207 1318 1389 1378 latens,
1432 1316 1567 1364 odo-

158 1387 302 1436 randi
320 1389 419 1435 vias
440 1386 772 1452 periculorum
794 1385 1009 1432 occultas
1032 1403 1269 1450 perquam
1291 1384 1446 1450 sagax.
1520 1385 1569 1433 Is

157 1458 208 1507 in
228 1455 531 1504 Britanniam
555 1453 743 1514 missus,
770 1467 826 1500 ut
849 1453 1088 1501 Militares
1111 1453 1352 1519 quosdam
1372 1454 1565 1518 perdu—

159 1539 315 1585 ceret,
376 1523 515 1572 ausos
561 1521 853 1585 conspirasse
899 1521 1211 1585 Magnentio,
1265 1542 1380 1570 cum
1423 1523 1566 1575 reniti
1595 1547 1598 1551 ·

157 1612 260 1642 nou
282 1592 495 1657 possent,
529 1590 570 1654 ⁶)
602 1589 720 1637 iuss'a
744 1589 974 1636 ¹licentius
1004 1589 1357 1655 supergressi1S,
1391 1592 1565 1639 flumi-

158 1662 234 1710 nis
265 1659 418 1709 modo
446 1657 656 1706 fortunis
681 1657 1012 1721 complurium
1040 1657 1138 1706 sese
1170 1661 1452 1724 repentinus
1479 1662 1566 1708 in—

156 1729 314 1778 fudit:
350 1743 397 1777 et
420 1728 667 1776 ferebatur
684 1743 773 1790 per
786 1725 968 1790 *strages
988 1727 1285 1792 multiplices
1308 1747 1362 1775 ac
1384 1729 1563 1790 ruinas,

155 1797 364 1848 vinculis
387 1797 607 1845 membra
625 1795 948 1860 ingenuorum
973 1795 1223 1861 adfligens‚
1252 1811 1299 1844 et
1322 1796 1564 1862 quosdam

157 1868 388 1917 obterens
417 1864 648 1925 manicis,
685 1863 890 1911 crimina
918 1862 1099 1913 scilicet
1128 1867 1280 1913 multa
1309 1866 1563 1916 consarci-

158 1935 323 1984 nando
339 1972 352 1996 ,
384 1954 410 1981 a
429 1934 629 1982 veritate
655 1933 799 1997 longe
831 1931 1054 1981 discreta.
1137 1934 1279 1983 Unde
1304 1934 1563 1984 admiffum

158 2006 224 2054 est
253 2004 440 2051 facinus
471 2002 706 2066 impium,
742 2001 879 2066 quod
915 2003 1180 2051 Constantii
1214 2018 1406 2067 tempus
1445 2018 1562 2052 nota

118 2074 383 2136 7i1111sserat
400 2071 705 2135 sempiterna.
778 2073 816 2136 ⁷)
850 2071 1090 2119 Martinus
1121 2091 1264 2136 agens
1293 2073 1399 2120 illas
1432 2091 1559 2136 pro-

159 2142 341 2190 vincias
362 2159 451 2207 pro
471 2140 761 2197 Praefectis,
796 2157 1048 2216 aerummis
1075 2143 1412 2190 innocentium
1442 2161 1559 2206 gra-
1582 2186 1583 2191 ,

158 2213 280 2259 viter
302 2228 496 2274 gemens
511 2246 524 2269 ,
558 2208 796 2273 saepeque
820 2208 1074 2257 obsecrans
1088 2246 1103 2271 ,
1132 2224 1185 2256 ut
1202 2211 1263 2259 ab
1287 2211 1422 2259 omni
1443 2211 1559 2260 cul-

153 2300 218 2345 pa
236 2279 536 2328 immunibus
557 2291 850 2343 parceretur,
879 2297 992 2325 cum
1011 2296 1109 2326 non
1130 2279 1427 2344 impetraret,
1456 2280 1559 2326 mi·-

149 2351 360 2396 'nabatur
382 2347 432 2395 se
454 2345 796 2394 discessilrum:
828 2361 881 2393 ut
901 2346 1070 2395 saltem
1101 2347 1153 2394 id
1181 2362 1400 2397 metuens
1436 2366 1556 2413 per-

157 2417 359 2481 quilitor
379 2415 671 2473 malevolus,
697 2414 894 2462 tandem
919 2415 1155 2465 delineret
1186 2417 1338 2482 quieti
1359 2416 1399 2482 ⁸)
1431 2435 1554 2464 coa-

116 2487 270 2541 alitos
296 2485 522 2534 homines
551 2485 604 2532 in
629 2498 794 2548 aperta
831 2485 1046 2549 pericula
1086 2487 1372 2550 proiectare.
1459 2486 1553 2533 Per

205 2648 250 2694 4)
276 2648 505 2684 Accedebant
541 2650 637 2683 enim
674 2648 748 2682 eius
777 2646 955 2694 asperitati
977 2647 1027 2681 ibi
1055 2647 1205 2681 imminu
1235 2671 1243 2680 .
1275 2673 1283 2680 .
1313 2673 1321 2679 .
1350 2670 1360 2682 .
1388 2646 1552 2693 ampliu!-

163 2694 210 2728 do
240 2694 262 2727 i.
294 2693 328 2726 «l.
356 2705 389 2728 et
412 2695 619 2730 iracundiae
658 2693 897 2742 suspicionum
929 2694 1116 2740 quantitati
1151 2694 1393 2740 proximorum
1429 2707 1553 2725 ‹run-n·

157 2750 215 2773 ine
261 2739 384 2773 bland.
442 2744 479 2784 5)
503 2740 572 2776 ,MR
608 2740 730 2786 glaber
757 2739 914 2787 quidam.
958 2742 1001 2788 6)
1027 2741 1078 2774 al.
1105 2739 1159 2773 his
1184 2739 1362 2774 licentius.
1415 2744 1450 2786 7)
1484 2738 1547 2773 ΜΓ.

158 2786 336 2820 Martinus
362 2798 479 2833 agens.
535 2794 571 2834 3)
601 2788 724 2838 διφΙι.
752 2785 913 2822 traditos.
