1727 3144
367 118 443 147 im
474 118 995 150 CONSTANTINO‘M.
1036 121 1162 152 τετε.
1389 111 1485 156 615

72 226 277 292 patriam
301 226 437 273 cultu
461 226 740 275 decmavit
729 229 941 292 lugenti,
977 244 1022 277 et
1042 229 1224 278 Romae
1250 229 1485 278 desidera·-

73 297 144 343 vit
179 296 406 360 aequmi:
454 295 657 358 deinde,
701 298 922 362 quaesitis
955 300 999 346 ei
1027 298 1246 364 undique
1275 300 1479 361 civibus,

74 364 265 411 divitias
297 364 470 412 multas
503 366 700 429 latgitus
730 366 820 421 est,
861 381 915 413 ut
949 384 1102 431 piope
1136 368 1186 415 in
1219 385 1273 415 ea
1312 385 1479 415 omnes

71 432 349 492 thesaurOS‚
392 435 540 498 regias
572 435 820 483 facultates
853 435 1140 484 exhauniret.
1221 436 1299 484 Ibi
1334 438 1477 484 etiam

70 503 304 549 Senatum
324 503 569 550 constituit
593 503 791 550 tecundi
816 503 1026 563 ordinis,
1074 506 1241 552 Clzwos
1269 505 1474 552 vocavit.

68 571 265 639 Deinde
297 571 549 619 adversum
577 573 770 620 Gothos
798 572 982 620 bellum
1015 573 1253 637 suscepit,
1310 586 1357 620 et
1388 573 1477 620 im·
1492 584 1542 627 δι

67 640 373 703 plorantibus
407 641 638 688 Sarmatis
671 641 900 688 auxilium
933 642 1056 689 tulit.
1138 643 1212 689 Ita
1238 660 1323 706 per
1350 643 1475 690 Con-

65 708 327 756 stantinum
357 709 608 757 Caesarem
641 723 837 756 centum
876 727 1032 772 plope
1071 711 1222 757 millia
1260 712 1387 758 fame
1427 724 1476 758 et.

66 778 248 841 frigore
285 778 509 824 exstincta
540 776 664 822 sunt.
756 776 898 822 Tune
947 791 995 823 et
1036 777 1226 824 obfides
1269 780 1474 841 accepit,

66 846 195 892 inter
225 863 347 909 quos
376 858 422 891 et
452 844 663 890 Ariarici
698 844 821 906 regis
855 844 1026 890 filium.
1109 846 1193 892 Sic
1241 864 1354 892 cum
1395 846 1472 892 his
1489 853 1545 894 32

62 932 186 979 pace
218 916 433 973 firmata,
475 913 526 958 in
564 913 804 959 Sarmatas
830 911 991 959 versus
1023 913 1112 972 est,
1169 913 1254 978 qui
1295 913 1472 962 dubiae

64 982 186 1030 fidei
218 982 499 1046 probantur.
581 979 683 1028 Sed
709 979 833 1029 servi
859 981 1188 1029 Sarmatarum
1219 981 1474 1030 adversum

66 1069 235 1099 omnes
262 1050 490 1097 dominos
519 1050 838 1097 rebellarunt:
894 1070 1016 1115 quos
1051 1051 1211 1115 pulsos
1243 1051 1472 1098 Constan-

63 1121 194 1167 tinus
226 1119 436 1173 lihenter
480 1119 701 1196 accepit‚.
745 1132 792 1166 et
828 1120 1034 1183 amplius
1072 1134 1285 1167 trecenta
1320 1119 1471 1166 millia

61 1189 323 1237 hominum
365 1188 526 1235 mistae
565 1190 731 1234 aetatis
777 1201 824 1235 et
868 1185 1002 1235 sexus
1048 1207 1132 1252 per
1187 1188 1466 1250 Thtaeiam,

60 1257 339 1323 Scythiam,
373 1256 745 1333 Macedoniam,
775 1256 1063 1321 Italiamque
1088 1257 1171 1304 div
1177 1257 1268 1304 isit.

163 1326 290 1374 Item
314 1325 682 1373 Constantinus
672 1340 937 1390 imperator
957 1326 1140 1390 primus
1164 1326 1464 1388 chistianus,
1482 1341 1538 1384 55

65 1409 268 1460 excepto
291 1394 524 1459 Philippo
540 1432 553 1455 ,
583 1394 668 1459 qui
689 1394 973 1442 christianus
997 1394 1264 1442 admodum
1288 1394 1346 1441 acl
1368 1394 1464 1440 hoe

67 1478 254 1512 tantum
275 1463 560 1511 constitutus
583 1462 720 1510 fuiss'e
755 1463 879 1510 mihi
911 1462 1034 1510 visus
1065 1464 1154 1525 est,
1199 1479 1252 1510 ut
1281 1463 1470 1510 111111611-

65 1552 174 1580 mus
196 1533 379 1580 Romae
402 1551 551 1579 annus
573 1531 763 1581 Christo
783 1533 974 1595 potius,
1012 1551 1152 1597 quam
1173 1532 1316 1579 idolis
1340 1531 1465 1578 dica-

65 1616 214 1649 retur.
285 1605 329 1650 A
347 1602 662 1649 Constantino
683 1615 841 1648 autem
864 1619 1029 1648 omncs
1051 1600 1238 1666 semper
1257 1600 1470 1648 christia-

67 1671 117 1718 ni
145 1672 464 1734 imperatores
496 1688 650 1735 usque
678 1670 974 1717 hodiernum
1006 1669 1138 1717 diem
1169 1670 1317 1717 creati
1341 1668 1469 1724 sunt,

65 1754 268 1804 excepto
288 1740 504 1800 Iuliano,
539 1757 681 1803 quem
706 1740 881 1803 impia,
916 1753 970 1784 ut
992 1743 1147 1799 aiunt,
1188 1738 1466 1786 machinan-

64 1823 163 1856 tem
184 1808 383 1856 exitialis
404 1809 501 1856 vita
523 1806 748 1857 deseruit.
822 1809 946 1854 Item
974 1808 1312 1856 Constantinus
1339 1805 1463 1852 iusto
1484 1813 1540 1870 325

64 1877 237 1925 ordine
261 1892 308 1924 et·
322 1878 406 1941 pio
426 1877 583 1925 vicem
603 1878 763 1924 vertit.
833 1875 1010 1924 Edicto
1028 1875 1267 1940 fiquidem
1287 1874 1465 1934 statuit,

63 1946 184 1993 citra
220 1947 370 1992 ullam
411 1946 612 1994 caedem
650 1945 910 1992 hominum
954 1962 1250 2008 paganorum
1286 1943 1468 2006 templa

64 2014 242 2061 claudi.
313 2013 595 2061 Gothorum
612 2011 889 2059 'fortissimas
911 2026 958 2058 et
984 2011 1323 2075 copiofiffimas
1356 2028 1468 2072 gen-

64 2096 136 2131 tes
165 2083 217 2129 111
246 2081 354 2146 ipso
386 2082 645 2129 barbarico
671 2080 807 2138 solo>
847 2080 944 2128 hoc
979 2080 1111 2127 estin
1140 2080 1465 2126 Sarmatarum

64 2151 264 2216 regione
286 2150 480 2197 delevit.

169 2220 509 2268 Calocaerum
532 2216 794 2283 quemdam
847 2218 898 2264 in
939 2220 1101 2282 Cypro
1142 2214 1463 2279 adspirantem
1481 2223 1539 2268 55

66 2289 205 2337 novis
242 2290 387 2336 rebus
417 2286 660 2353 oppressit.
742 2287 1068 2346 Dalmatium‚
1110 2286 1267 2333 filium
1305 2285 1464 2331 fratxis

66 2358 140 2405 sui
168 2356 415 2405 Dalmatii.
496 2355 614 2402 Eius
650 2355 847 2403 fratrem
876 2354 1256 2403 Annibalianum
1291 2353 1399 2400 data
1422 2354 1468 2401 ei

69 2425 379 2475 Constantina
397 2424 498 2472 filia
521 2423 633 2485 sua,
668 2424 851 2488 Regem
882 2442 1049 2486 regum
1080 2437 1126 2471 et
1156 2422 1475 2481 Ponticarum*

71 2495 287 2559 gentium
338 2493 600 2541 constituit.
673 2493 748 2539 Ita
800 2507 854 2540 ut
905 2492 1086 2539 Gallias
1135 2491 1470 2539 Constantinus

69 2564 230 2610 minor
267 2564 492 2627 regebat,
549 2562 803 2608 Orientem
846 2560 1178 2617 Constantius,
1235 2559 1472 2619 Africam,

71 2631 322 2698 Illyricum
370 2646 417 2680 et
464 2631 651 2678 Italiam
695 2630 949 2690 Constans,
1005 2630 1159 2694 ripam
1210 2629 1473 2675 Gothicam

72 2701 346 2749 Dalmatius
379 2702 618 2748 tuebatur.
702 2700 826 2746 Item
865 2699 1203 2746 Constantinus
1234 2718 1343 2747 cum
1379 2698 1478 2746 bel-
