1727 3144
188 157 285 188 110⁴)
439 155 709 187 AMMIAN1
744 154 1138 187 MARCELLHH
1179 158 1299 202 XXV,
1351 159 1424 188 to.

184 284 317 327 cem,
348 279 404 314 ut
435 264 639 326 dicitur,
685 266 1026 331 procurrebat:
1067 278 1116 313 et
1146 264 1480 330 intempestive
1513 284 1595 331 pa-

185 355 294 382 rum
311 336 457 383 etiam
478 351 582 382 tum
601 336 803 383 firmatis
826 335 1054 383 omnibus
1075 352 1132 382 ex
1153 335 1368 383 actuario
1401 335 1594 384 ratioci-

182 405 277 451 niis
307 404 574 452 scrutandis
604 404 852 452 incubuit:
903 404 987 469 qui
1007 418 1010 419 ’
1029 402 1259 451 fraudum
1292 403 1513 452 conscius
1545 421 1595 454 et

182 492 444 534 noxarum,
479 473 541 521 ad
562 474 788 521 militaria
809 473 938 537 [lgna
965 472 1212 536 confugit:
1244 473 1483 538 finxitque
1513 475 1594 522 Iu-

180 544 311 591 tiano
343 542 591 607 superstite
625 544 671 590 in
702 562 775 590 res
803 561 953 590 novas
974 541 1235 608 quemdam
1255 542 1475 590 medium
1494 541 1594 592 sur-

181 612 346 661 rexiffe
368 631 377 659 z
423 613 559 660 cuius
582 613 784 659 fallaciis
805 613 950 659 turbo
973 611 1194 659 militaris
1215 612 1447 659 acerrime
1476 630 1592 660 con-

178 684 302 730 citus
315 682 642 730 Lucillianum
664 696 710 730 et
723 681 1056 728 Seniauchum
1074 680 1271 728 occidit.
1295 680 1594 729 Valentinia-

177 771 296 799 num
319 753 448 799 enim
465 752 625 815 paullo
650 750 808 815 postea
822 749 1121 813 Principem,
1135 749 1399 813 trepidum,
1414 758 1592 816 et7'1quo

177 821 487 884 confugeret,
529 820 885 883 ambigentem,
923 818 1205 866 Primitivus
1236 818 1412 881 hospes
1441 821 1593 868 tutius

133 899 162 942 3
179 889 471 936 amandarat.
503 888 593 934 His
613 888 680 934 ita
701 887 912 933 tristibus
941 887 1123 933 laetum
1146 886 1279 933 aliud
1303 885 1591 950 addebatur,

176 956 339 1005 missbs
359 976 382 1003 a
396 958 571 1004 Iovino
583 955 762 1000 milites
781 954 1056 1015 adventare,
1084 973 1205 1019 quos
1225 956 1383 1020 capita
1404 954 1593 1004 schola-

176 1044 284 1074 rum
300 1024 422 1071 ordo
443 1021 687 1070 castrensis
702 1021 929 1086 adpellat,
951 1023 1227 1070 nuntiantes
1251 1042 1408 1090 aequo
1425 1025 1590 1074 animo

174 1095 370 1141 Ioviani
395 1092 657 1156 imperium
682 1089 911 1154 amplecti
933 1091 1196 1137 exercitum
1216 1092 1543 1141 Gallicanum.

132 1188 160 1230 9
275 1157 470 1218 Quibus
508 1159 798 1223 compertis,
848 1158 1222 1221 Valentiniano,
1274 1161 1360 1225 qui
1394 1160 1435 1225 ⁶)
1476 1180 1590 1212 cum

174 1229 348 1279 iisdem
373 1229 608 1289 redierat,
653 1227 864 1292 regenda
891 1226 1212 1274 scutariorum
1231 1227 1442 1278 secunda
1459 1249 1593 1280 com-

175 1301 386 1347 mittitur
419 1298 607 1359 l'chola,
664 1312 711 1344 et
731 1321 734 1325 ²
754 1296 1027 1345 Vitalianus
1061 1297 1442 1347 domesticorum
1475 1318 1592 1348 con-

176 1369 325 1416 sortio
358 1369 603 1432 iungitur,
652 1366 914 1413 Erulorum
958 1383 982 1412 e
1021 1384 1228 1414 numero
1272 1368 1439 1427 miles,
1470 1370 1590 1434 ,qui

175 1439 329 1485 multo
359 1438 519 1503 postea
553 1450 722 1483 auctus
756 1435 962 1482 Comitis
997 1433 1259 1499 dignitate,
1317 1438 1442 1485 male
1483 1456 1588 1488 rem

172 1525 260 1571 per
290 1507 539 1572 Illyricum
572 1504 731 1571 geffit:
778 1504 1129 1568 confestimque
1165 1506 1375 1553 mittitur
1396 1507 1446 1554 in
1474 1508 1590 1555 Gal-

170 1577 258 1622 lias
290 1576 613 1631 Arinthaeus,
656 1576 814 1620 ferens
851 1574 1033 1620 litteras
1065 1573 1126 1620 ad
1152 1575 1190 1638 ⁷)
1224 1575 1480 1637 Iovinum,
1531 1591 1588 1624 ut

171 1645 444 1691 constanter
464 1658 625 1708 ageret
649 1643 786 1689 suum
810 1643 1035 1689 obtinens
1058 1643 1248 1690 locum:
1286 1644 1429 1708 eique
1454 1663 1587 1692 man-

171 1714 337 1760 datum
374 1713 463 1773 est,
505 1727 559 1759 ut
590 1711 1055 1759 animadverteretur
1093 1712 1145 1758 in
1177 1713 1482 1761 concitorem
1514 1728 1588 1762 tu-

175 1784 376 1842 multus,
427 1796 747 1846 auctoresque
783 1780 1036 1829 seditionis
1068 1779 1129 1828 ad
1162 1782 1451 1829 comitatum
1484 1784 1587 1830 vin-

104 1871 156 1903 10
173 1853 238 1898 cti
266 1851 722 1898 transmitterentur.
805 1849 918 1897 Post
947 1868 1101 1914 quae,
1137 1865 1192 1898 ut
1222 1851 1482 1899 videbatur
1510 1870 1588 1900 ex-

168 1919 367 1984 pedire,
415 1918 670 1982 dispolita,
724 1917 854 1981 apud
887 1918 1083 1981 Aspuna
1124 1920 1340 1966 Galatiae
1380 1920 1586 1966 munici-

168 1988 306 2054 pium
326 1989 472 2033 breve
500 1986 741 2033 Gallicani
766 1986 941 2031 milites
964 1986 1049 2032 vifi
1082 1986 1331 2050 Principi,
1371 1988 1585 2052 ingressia

170 2074 265 2121 quc
284 2055 644 2114 confiliorium,
678 2053 782 2117 post
813 2052 976 2099 audita
1010 2068 1274 2117 gratanter,
1320 2074 1444 2120 quae
1472 2075 1581 2123 per..

168 2126 404 2186 tulerant,
439 2122 679 2170 munerati
700 2121 858 2169 redire
883 2121 1113 2170 iubentur
1136 2122 1198 2170 ad
1216 2124 1361 2188 ligna.

600 2277 602 2281 7
702 2211 784 2279 (A.
826 2213 877 2260 C.
918 2214 1054 2278 564.)

271 2294 335 2343 Et
363 2313 477 2343 cum
508 2290 745 2341 introiss'et
774 2292 1021 2356 Ancyram
1051 2293 1351 2357 Imperator,
1395 2297 1576 2361 paratis

167 2364 230 2411 acl
262 2382 496 2429 pompam
527 2380 618 2427 pro
652 2376 873 2426 tempore
914 2361 1210 2423 necess'ariis,
1266 2362 1573 2415 consulatum

166 2434 277 2482 iniit
300 2432 525 2480 adhibito
552 2433 602 2480 in
624 2430 899 2480 societatem
922 2432 1113 2478 trabeae
1138 2432 1445 2482 Varroniano
1467 2434 1573 2482 filio

164 2501 248 2550 suo
271 2501 543 2550 admodum
574 2501 807 2567 parvulo:
836 2499 973 2548 cuius
1006 2500 1216 2563 vagitus,
1260 2501 1575 2564 pertinaciter

162 2571 199 2631 ¹³)
225 2571 526 2632 reluctantis,
574 2588 633 2619 ne
661 2571 712 2618 in
741 2570 899 2618 curuli
920 2567 1033 2616 sella
1054 2569 1312 2618 veheretur
1334 2587 1390 2617 ex
1412 2588 1570 2635 more,

159 2631 211 2686 id
237 2640 371 2705 quod
395 2659 509 2688 mox
536 2638 738 2702 accidit,
772 2636 1110 2704 portendebat.

103 2329 147 2356 11

1440 2706 1505 2754 II}
1516 2727 1573 2757 nc

197 2821 238 2866 fi)
264 2818 316 2853 al.
346 2831 426 2852 cum
455 2819 497 2853 iis
519 2817 595 2854 red.
657 2821 694 2866 7)
721 2818 790 2855 ΜΓ.
818 2819 1014 2856 Ioviauum.
1064 2819 1109 2867 8)
1139 2817 1202 2858 Ms.
1233 2818 1452 2854 reluctantis.
