1727 3144
185 125 283 170 554
431 137 688 181 mmmm
720 133 1105 171 mancatum
1145 139 1294 185 xxtx,
1344 127 1388 172 6.

189 261 265 294 tae
317 246 599 295 foederibus
642 249 773 312 pacis
819 248 945 295 nihil
984 265 1124 312 egere
1166 250 1485 312 contrarium,
1534 267 1592 298 eo

190 316 395 363 maxime
426 317 600 364 timore
629 316 856 381 pen-culli,
904 316 1043 382 quod
1082 315 1145 364 ad
1179 319 1376 365 tutelam
1412 319 1598 384 lllyrici

194 386 434 447 Gallicani
454 386 619 432 militis
642 385 857 433 validum
877 385 1128 434 accesserat
1151 387 1316 434 robur.

127 472 177 516 ¹7
294 455 426 502 Dum
446 455 566 501 haec
589 469 662 502 tot
685 473 737 502 ac
759 455 870 502 talia
896 473 981 519 per
1002 455 1218 503 turbines
1250 456 1495 519 agitantur·
1518 451 1619 506 ad-¹
1674 510 1676 513 .

195 520 384 599 fiduos,
421 523 628 571 Claudio
659 538 854 587 regente
876 527 1048 572 urbem
1078 539 1347 586 aeternam,
1385 522 1598 582 Tiberis,

196 592 280 654 qui
334 592 493 640 media
538 592 830 640 intensecans
872 593 1091 652 moenia,
1139 594 1317 641 cloacis
1360 607 1407 639 et
1439 591 1599 638 fluviis

195 660 554 708 abundantibus
574 663 737 710 multis
755 662 855 728 Tyr
862 663 1013 710 rheno
1034 663 1157 710 maii
1188 661 1416 710 miscetui
1429 697 1442 722 ,
1488 660 1604 707 effu-

196 728 328 776 lione
350 731 581 778 imbrium
606 732 872 780 exuberans
890 732 1066 788 nimia,
1099 746 1146 780 et
1165 732 1305 796 lupia
1329 729 1481 778 amnis
1501 727 1606 793 spe-

130 806 180 849 13
200 800 325 845 ciem
349 798 545 863 pansus,
586 801 745 849 omnia
772 818 921 865 paene
953 802 1181 848 contexit.
1263 801 1326 847 Et
1351 796 1608 862 stagnanti-

197 866 287 915 bus
318 867 525 915 civitatis
563 868 761 915 residuis
792 869 1048 930 membris,
1096 887 1219 933 quae
1254 865 1564 915 tenduntur
1553 883 1607 911 in

194 935 446 999 planitiem
468 937 769 997 molliorem,
803 951 992 984 montes
1014 937 1101 985 soli
1130 952 1177 984 et
1208 935 1454 1002 quidquid
1484 933 1612 981 insu-

194 1003 351 1049 larum
379 1003 548 1050 celfius
577 1005 847 1065 eminebat,
889 1024 914 1051 a
949 1005 1181 1069 praesenti
1213 1020 1347 1052 metu
1380 1002 1611 1051 defende-

197 1071 367 1119 batur:
411 1085 485 1132 et,
529 1091 589 1120 ne
619 1073 760 1123 multi
787 1072 950 1122 inedia
982 1071 1410 1134 contabescerent,
1457 1072 1613 1119 unda-

196 1157 304 1184 rum
345 1140 677 1204 magnitudine
725 1160 965 1207 nusquam
1007 1141 1239 1207 progredi
1279 1141 1610 1206 permittente,

195 1208 371 1256 lembis
405 1224 452 1256 et
478 1208 670 1274 scaphis
701 1211 844 1276 copia
878 1211 1218 1276 suggerebatur
1251 1209 1444 1261 abunde
1477 1210 1614 1256 cibo-

199 1295 323 1326 rum.
407 1279 474 1325 At
507 1297 649 1339 vero,
688 1281 774 1326 ubi
802 1282 1053 1345 tempestas
1089 1281 1325 1341 mollivit,
1360 1293 1406 1327 et
1428 1281 1614 1326 flumen

202 1346 480 1394 retinaculis
505 1350 658 1412 ruptis
680 1348 823 1397 rediit
848 1350 908 1398 ad
930 1348 1125 1399 solitum
1149 1349 1369 1409 cursum,
1399 1347 1612 1396 absterlo

130 1429 335 1473 19111etu
376 1416 499 1463 nihil
538 1417 699 1481 postea
740 1419 996 1471 molestum
1040 1418 1422 1483 exspectabatur.
1516 1416 1613 1464 Hic

200 1483 300 1547 ipse
324 1486 595 1548 piaefectus
621 1487 718 1551 egit
747 1487 1016 1536 admodum
1048 1488 1235 1551 quiete,
1276 1487 1460 1534 nullam
1493 1484 1617 1532 sedi-

205 1551 391 1601 tionem
411 1553 553 1618 super
574 1557 769 1619 querela
792 1556 909 1604 iusta
938 1556 1208 1622 perpeffus:
1257 1570 1304 1604 et
1338 1554 1616 1602 infiauiavit

203 1636 362 1670 vetera
383 1622 608 1687 pluiima
687 1626 822 1673 Inte}
855 1644 977 1692 quae
1009 1626 1257 1691 polticum
1289 1624 1516 1672 excitavit
1545 1623 1616 1669 in-

205 1706 422 1754 gentem,
475 1693 666 1740 lavacro
719 1694 970 1760 Agrippae
1020 1696 1329 1759 contiguam,
1399 1692 1614 1741 Eventus

203 1759 332 1807 Boni
367 1762 785 1824 cognominatam,
827 1781 883 1813 ea
917 1783 994 1827 re,
1042 1764 1179 1831 quod
1217 1764 1364 1813 huius
1400 1761 1613 1809 nominis

210 1845 266 1891 pi
272 1846 364 1893 ope
383 1829 549 1879 vilitur
575 1834 831 1898 templum.
