1727 3144
513 172 894 213 1UL1ANus.
968 167 1084 213 565.
1399 169 1497 230 547

89 290 246 356 lisque
257 287 545 337 mulieribus
560 290 740 354 paucis,
761 307 885 356 quae
904 303 1121 355 repertae
1140 288 1268 347 sunt,
1293 291 1498 343 traiecto

90 359 227 413 sonte
257 359 457 406 scatenti
489 359 758 418 bitumine,
804 358 1124 424 Ozogardana
1153 361 1498 423 occupavimus

93 428 360 492 oppidum,
423 428 872 494 quod-formidine
915 427 1222 495 ¹advenientis
1263 430 1499 476 exercitus

91 496 264 544 itidem
288 495 541 545 deseruere
565 499 803 546 cultores:
835 498 888 544 in
912 515 1011 562 quo
1040 497 1274 562 principis
1301 497 1501 545 Traiani

68 568 71 569 ⁷
92 566 306 614 tribunal
331 566 696 616 ostendebatur.
764 567 871 615 Hac
894 585 1094 632 quoque
1123 565 1280 615 exusta
1296 602 1309 628 ,
1346 566 1500 613 biduo
1518 576 1546 630 4

92 634 156 683 ad
197 635 515 684 refectionem
549 654 816 700 corporum
843 636 981 696 dato,
1036 653 1192 700 prope
1234 649 1505 683 extremum

92 705 276 766 noctis,
323 722 447 769 quae
479 703 748 751 secundum
781 703 916 751 diem
942 704 1144 768 sequuta
1181 703 1271 762 eft,
1318 704 1508 752 Surena

91 773 200 836 post
229 791 394 837 regem
431 771 562 835 apud
591 771 754 818 Persas
794 773 1089 835 promeritae
1129 772 1404 836 diguitatiS,
1460 787 1507 821 et

92 838 346 888 Malechus
367 839 642 889 Podosaces
664 840 881 902 nomine,
916 840 1217 906 Phylarchus
1241 843 1508 890 Saraceno-

92 907 204 957 rum
223 909 571 971 Affanitarum‚
608 908 780 957 famofi
814 911 1028 957 nominis
1059 911 1210 971 latro,
1252 911 1386 959 omni
1415 910 1509 958 sae-

52 1001 56 1004 ,
93 977 210 1026 vitia
235 996 321 1043 per
340 978 528 1026 nostros
551 978 730 1027 limites
752 977 838 1025 diu
864 979 1116 1043 graffatus,
1158 981 1349 1027 structis
1382 980 1509 1027 Hor-

93 1046 278 1096 misdae
296 1046 508 1109 infidiis‚
547 1066 695 1112 quem
716 1046 775 1094 ad
794 1046 1143 1112 speculandum
1169 1049 1410 1095 exiturum
1437 1049 1510 1095 in-

94 1130 283 1164 certum
311 1116 444 1164 unde
481 1112 868 1181 praesenserant,
911 1115 1026 1163 ideo
1062 1114 1172 1162 sunt
1207 1130 1509 1165 tentamento

93 1184 330 1248 frustrati,
363 1184 502 1250 quod
528 1184 721 1248 angusta
745 1184 962 1231 fluminis
991 1184 1272 1232 interluvies
1302 1200 1349 1232 et
1376 1204 1511 1250 prae-

97 1254 191 1302 alta
210 1255 404 1301 transiri
426 1253 551 1300 vado
573 1271 672 1300 non
695 1253 869 1317 potuit.
944 1254 1005 1300 Et
1035 1253 1195 1317 primo
1225 1254 1348 1301 lucis
1377 1266 1554 1310 mcor-5

99 1321 210 1383 dio,
248 1341 367 1370 cum
397 1322 546 1370 ess'ent
576 1321 737 1369 hostes
768 1322 866 1369 iam
899 1323 950 1368 in
983 1323 1208 1369 contuitu
1220 1359 1236 1381 ,
1280 1323 1366 1369 vifi
1394 1338 1511 1371 tunc

98 1391 324 1456 primitus
343 1389 533 1438 corusci
556 1390 728 1454 galei8‚
767 1405 814 1438 ct
837 1391 1093 1438 horrentes
1113 1391 1368 1438 indutibus
1387 1395 1427 1457 ⁴)
1452 1394 1513 1440 ri-

100 1460 253 1523 gidis:
287 1460 465 1506 milites
484 1460 535 1505 iu
561 1459 871 1522 procinctum
904 1461 1093 1524 impetu
1129 1461 1286 1506 veloci
1315 1461 1516 1509 tenden-

101 1543 199 1590 tes,
247 1546 330 1576 eos
360 1529 643 1575 involavere
681 1527 949 1574 fortiffime.
1032 1528 1093 1574 Et
1121 1529 1342 1592 quamvis
1376 1549 1515 1579 arcus

102 1596 486 1647 validis-viribus
514 1598 853 1655 flecterentur,
887 1610 936 1643 et
957 1593 1189 1658 splendor
1219 1598 1336 1644 ferri
1370 1599 1518 1646 inter-

103 1668 290 1716 micans
343 1666 679 1713 Romanorum
735 1677 922 1711 metum
975 1678 1194 1727 augeret:
1245 1666 1314 1712 ira
1354 1680 1516 1716 tamen

105 1736 590 1798 acuentegvirtutem‚
618 1733 905 1798 clypeorum
934 1732 1167 1781 denfitate
1188 1736 1419 1796 contecti,
1456 1754 1518 1784 ne

103 1804 297 1870 poss'ent
323 1803 571 1863 emittere,
621 1810 906 1864 coegerunt.
996 1802 1256 1851 Animatus
1296 1803 1374 1851 his
1418 1805 1563 1856 vin-G

105 1873 252 1921 cendi
273 1871 500 1937 primitiis
522 1871 687 1931 miles,
724 1869 786 1916 ad
818 1871 980 1918 vicum
1013 1870 1324 1936 Macepracta
1354 1891 1521 1936 perve-

106 1944 206 2004 nit,
245 1943 295 1988 in
327 1959 427 2006 quo
458 1939 685 1988 semiruta
716 1940 749 2004 ⁵)
771 1941 1257 2005 murorum⁴vestigia
1288 1942 1520 1990 videban-

106 2026 187 2059 tur
207 2030 218 2058 ;
251 2011 336 2076 qui
360 2007 525 2075 priscis
544 2008 850 2072 temporibus
872 2009 923 2055 in
946 2007 1094 2073 spatia
1115 2011 1258 2074 longa
1286 2012 1522 2077 protenti,

57 2142 61 2146 .
107 2079 148 2144 ⁶)
169 2080 294 2128 tueri
319 2081 381 2127 ab
405 2079 616 2127 externis
643 2076 914 2125 incurfibus
941 2078 1179 2144 Ass'yriam
1214 2079 1517 2128 dicebantur.

109 2149 245 2196 Hinc
266 2166 375 2212 pars
396 2147 613 2194 fluminis
629 2145 867 2212 scipditur
886 2147 1030 2212 largis
1058 2167 1289 2212 aquarum
1321 2149 1519 2211 agmini·
1535 2171 1556 2210 7

110 2218 231 2278 bus,
266 2216 448 2263 ducens
471 2214 533 2262 ad
555 2229 734 2262 tractus
765 2216 1064 2282 Babylonios
1095 2218 1374 2276 interioreS,
1411 2216 1519 2263 usui

114 2286 239 2350 agris
272 2285 430 2331 futura
463 2298 510 2331 et
537 2284 813 2332 civitatibus
843 2286 1197 2333 circumiectis:
1240 2285 1329 2331 alia
1360 2285 1521 2332 Naha-

113 2355 307 2402 malcha
332 2354 552 2414 nomine,
593 2351 727 2417 quod
741 2355 928 2415 flavius
959 2373 1131 2417 regma
1158 2354 1520 2416 interpretatur,

117 2423 434 2486 Cteliphonta
459 2435 799 2486 praetermeat:
833 2424 970 2470 cuius
993 2428 1041 2470 in
1065 2421 1266 2470 exordio
1299 2423 1440 2468 turris
1469 2423 1520 2470 in

117 2491 325 2540 modum
348 2491 494 2538 Phari
507 2490 683 2538 celsior
715 2490 892 2556 surgit:
937 2492 1059 2538 hanc
1093 2489 1333 2553 peditatus
1364 2491 1522 2538 omnis

117 2561 354 2625 pontibus
370 2574 508 2608 caute
529 2558 720 2621 digestis
741 2561 976 2607 transivit.
1049 2558 1248 2623 Equites
1273 2577 1388 2606 vcro
1408 2579 1518 2607 cum
1539 2574 1565 2619 3

76 2656 81 2660 v·
120 2630 349 2677 iumentis
374 2629 545 2676 armati
566 2628 902 2678 clementiores
924 2628 1134 2692 gurgites
1155 2627 1368 2675 fluminis
1401 2629 1524 2676 obli-

171 2799 208 2835 4)
238 2792 306 2828 Mf.
336 2792 512 2840 rerigidis.
570 2794 612 2841 5)
636 2794 687 2827 al.
717 2791 821 2825 muri.
877 2792 913 2834 6)
941 2786 1009 2824 Ms.
1039 2787 1142 2820 numi.
