1727 3144
199 138 327 174 VAL·
365 120 665 169 cnam-rau.
709 138 783 170 ET
828 139 1089 172 VALENT.
1132 141 1177 172 2.
1250 128 1365 188 578.
1440 129 1536 190 599

65 299 73 312 x
126 247 410 312 ademptum
435 248 526 296 effe
553 266 698 297 omne
717 248 954 297 evadendi
975 248 1268 313 suffragium.
1337 251 1400 300 Et
1420 253 1530 318 quia
1551 256 1577 299 6

124 316 303 365 humus
326 318 440 364 rivis
461 332 628 382 operta
648 318 919 382 sanguineis
945 318 1319 382 greffusjabiles
1351 335 1533 369 everte-

123 385 231 446 bat,
277 387 581 434 conabantur
618 386 779 434 modis
811 387 1038 434 omnibus
1068 388 1216 434 vitam
1249 388 1530 453 impendere

121 471 223 501 non
248 455 478 502 inultam:
516 456 642 504 adeo
665 473 841 520 magno
865 457 1139 504 animorum
1170 457 1347 505 robore
1379 476 1530 523 oppo-

120 521 197 570 Iiti
222 523 644 585 incumbentibus,
680 540 734 572 ut
766 524 910 572 etiam
942 524 1048 573 telis
1077 525 1278 590 quidam
1316 528 1529 592 propriis

120 590 391 642 interirent.
462 594 583 641 Atra
605 593 818 658 denique
845 595 1032 641 cruoris
1063 595 1185 640 facie
1220 595 1383 642 omnia
1415 613 1528 643 con-

117 662 372 724 turbante,
408 676 481 723 et,
514 679 826 728 quocumque
847 662 893 709 se
912 663 1196 710 inflexerant
1215 665 1360 724 oculi,
1398 683 1526 713 acer-

115 730 188 777 vis
209 731 460 779 caesorum
487 731 715 794 adgestiS,
749 730 1016 777 exanimata
1037 730 1271 778 cadavera
1300 731 1398 780 fine
1421 752 1527 797 par-

115 798 329 846 cimonia
380 800 706 846 calcabantur.
792 797 979 862 Solque
1020 797 1276 846 sublimior
1320 799 1570 860 decurso7

114 865 284 914 Leone
311 866 374 913 ad
406 866 713 913 domicilium
755 865 968 913 caelestis
1007 866 1226 928 Virginis
1270 868 1523 930 transiens,

112 934 359 982 Romanos
382 935 534 999 magis
555 948 826 982 attenuatos
859 934 1020 982 inedia
1049 933 1224 999 [itique
1254 937 1521 998 confectos,

112 1004 259 1050 etiam
279 1022 526 1052 armorum
548 1003 858 1067 gravantibus
891 1003 1089 1050 sarcinis
1121 1004 1365 1052 exurebat.
1444 1007 1522 1054 Ad

112 1072 341 1119 ultimum
368 1073 684 1120 incumbente
713 1073 1032 1120 barbarorum
1064 1072 1282 1136 pondere
1304 1074 1428 1122 acies
1451 1074 1523 1120 in-

111 1141 312 1189 clinatae
334 1141 607 1189 nostrorum
623 1178 635 1202 ,
668 1140 806 1204 quod
826 1141 980 1189 solum
1004 1141 1255 1205 postremis
1279 1143 1416 1189 malis
1438 1143 1521 1190 ha-

109 1210 262 1258 buere
291 1210 585 1271 sublidium,
630 1210 883 1258 incondite
914 1212 1031 1275 (qua
1075 1211 1281 1276 quisque
1310 1213 1520 1278 poterat)

111 1292 366 1326 vertuntur
388 1281 437 1326 in
467 1279 631 1344 pedes.

209 1349 443 1413 Dumque
490 1365 658 1396 omnes
699 1345 897 1411 dispersi
940 1366 1026 1413 per
1066 1349 1261 1412 ignotos
1300 1349 1563 1403 tramitesg

106 1415 317 1478 cedunt,
360 1419 634 1482 Imperator
667 1415 785 1463 diris
819 1418 1081 1480 pavoribus
1123 1417 1515 1481 circumsaeptus,

108 1486 460 1551 paullatimque
485 1486 699 1534 inliliens
732 1486 959 1532 funerum
988 1488 1169 1547 moleS,
1217 1486 1279 1534 ad
1308 1487 1517 1535 Lancea·

109 1554 207 1601 rios
227 1556 449 1619 confugit
475 1570 521 1603 et
553 1556 588 1619 3)
612 1555 912 1602 Mattiarios:
951 1556 1061 1621 qui,
1103 1555 1221 1602 dum
1250 1553 1514 1602 multitudo

110 1624 408 1671 tolerabatur
439 1624 652 1684 hostilis,
708 1624 816 1670 fixis
857 1626 1147 1688 corporibus
1186 1624 1408 1672 steterant
1444 1623 1515 1668 in·

106 1692 336 1740 eoncuffi.
418 1694 590 1758 quue
641 1691 742 1740 viso
786 1692 1025 1740 Traianus
1074 1694 1332 1753 exclamat,
1378 1691 1513 1755 spem

108 1778 304 1809 omnem
325 1761 656 1826 absumptam,
691 1762 741 1808 ni
760 1760 974 1809 desertus
1006 1764 1068 1809 ab
1098 1762 1347 1826 armigeris
1376 1760 1514 1807 Prin-

106 1848 221 1894 ceps
244 1830 409 1879 saltem
429 1831 705 1879 adventicio
737 1843 981 1893 tegeretur
1012 1833 1208 1878 auxilio.
1299 1830 1510 1892 Hocque
1529 1847 1555 1887 9

105 1899 274 1946 audito
302 1900 478 1947 Victor
514 1899 713 1947 nomine
748 1901 926 1948 Comes
955 1900 1163 1948 Batavos
1197 1900 1249 1945 in
1287 1895 1510 1944 subsidiis

104 1967 292 2014 locatos
338 1968 473 2014 haud
527 1969 702 2032 procul
746 1967 810 2015 ad
858 1969 1170 2033 Imperatoris
1219 1965 1510 2031 praefidium

103 2036 283 2100 raptim
313 2054 489 2100 cogere
523 2054 815 2101 properans,
860 2054 974 2085 cum
1007 2036 1225 2083 invenire
1265 2034 1509 2081 neminem

105 2102 282 2170 poll'et,
324 2104 544 2168 gradiens
576 2119 706 2152 retro
743 2104 978 2153 discessit:
1022 2105 1226 2169 parique
1256 2102 1406 2149 modo
1433 2101 1509 2148 Ri-

106 2172 361 2221 chomeres
384 2173 599 2236 periculo
621 2172 770 2220 semet
791 2175 991 2234 exemit,
1024 2171 1394 2220 ethaturninus.

201 2242 544 2306 Sequebantur
563 2242 728 2306 itaque
753 2242 917 2290 furore
941 2261 995 2289 ex
1018 2242 1170 2288 oculis
1188 2242 1378 2287 lucente
1402 2239 1508 2286 bar·
1524 2251 1575 2280 ¹0

107 2309 214 2356 bari
234 2311 420 2358 nostros
438 2346 454 2368 ,
487 2311 584 2357 iam
605 2311 856 2376 linquente
875 2327 1106 2358 venarum
1126 2310 1287 2357 calore
1312 2322 1509 2372 torpen-

107 2393 204 2426 tes:
244 2397 455 2444 quorum
475 2379 628 2443 aliqui
655 2380 1008 2443 perculsoribus
1028 2378 1267 2427 cadebant
1293 2376 1509 2433 incertis,

107 2449 331 2495 nonnulli
356 2447 654 2513 ponderibus
676 2447 784 2495 solis
804 2448 1079 2512 urgentium
1101 2447 1281 2508 obruti,
1308 2447 1507 2510 ictuque

109 2515 306 2564 suorum
334 2519 484 2581 aliqui
515 2516 766 2565 trucidati:
809 2536 897 2565 nec
932 2517 1060 2564 enim
1088 2518 1227 2582 saepe
1264 2514 1511 2562 renitenti-

109 2585 200 2632 bus
231 2585 524 2647 cedebatur,
563 2600 642 2633 aut
673 2588 901 2650 parcebat
930 2586 1215 2635 cedentibus
1239 2584 1508 2651 quisquam.

161 2751 196 2793 3)
226 2749 292 2784 ΜΓ.
323 2749 534 2786 Matsiarios.
