1727 3144
231 153 498 186 VALENT.
534 153 677 186 VAL.
709 154 784 184 ET
821 154 1060 185 GRATIA
1080 157 1126 186 x.
1198 155 1313 201 ⁶70·
1414 147 1503 206 49¹

99 262 278 326 gress'us
301 280 391 328 per
410 262 600 312 Raetias
622 262 958 324 Theodofius,
994 280 1049 311 ea
1071 277 1166 311 tem
1177 268 1347 328 pefiate
1366 272 1514 332 magi.

99 333 191 380 ster
213 332 477 397 equitum,
523 333 747 397 pluribus
781 332 956 394 caefis,
1007 350 1327 399 quoscunque
1365 333 1512 404 cepit,

99 400 164 447 ad
186 401 379 448 Italiam
398 401 524 450 iufl'u
546 401 789 467 Principis
810 401 954 463 mifit,
984 402 1090 460 ubi,
1118 403 1362 452 fertilibus
1374 408 1412 471 ⁷)
1434 428 1513 472 pa.

98 471 170 535 gis
191 470 404 535 acceptis
418 508 431 532 ,
467 471 565 518 iam
587 471 832 518 tributarii
853 472 1211 520 circumcolunt
1230 472 1435 522 Padum.

201 539 290 586 VI.
338 540 470 588 Hinc
498 555 746 604 tamquam
773 541 825 587 in
858 541 1030 588 orbem
1059 542 1318 604 migrantes
1346 545 1511 604 alium,
1539 568 1555 593 ι

95 605 160 654 ad
191 608 455 673 Tripoleos
487 610 748 657 Africanae
780 609 1062 674 provinciae
1094 611 1339 658 veniamus
1380 631 1515 660 aeau-

96 695 252 738 muas,
276 696 414 742 quas,
432 693 487 726 ut
505 678 734 738 arbitror,
758 678 941 725 Iustitia
961 678 1271 744 quoqueipsa
1287 680 1487 730 deflevit
1505 702 1516 729 :

95 763 221 809 quae
254 747 384 794 unde
422 747 566 794 instar
601 744 818 793 exarsere
839 748 1174 808 flammarum,
1208 763 1369 797 textus
1390 769 1516 815 ape-

94 815 187 861 riet
210 815 473 862 absolutus.
556 813 839 861 Austuriani
871 814 949 862 his
972 817 1265 862 contermini
1295 821 1515 882 partibus
1538 839 1565 868 a

92 882 307 942 barbari,
340 884 390 929 in
414 882 656 931 discursus
682 881 874 949 semper
896 883 1112 950 expediti
1131 886 1352 949 veloces,
1389 890 1517 937 vive-

94 968 246 1016 reque
267 951 454 1000 adsueti
478 952 657 1016 rapinis
680 965 728 1000 et
749 951 1009 1013 caedibus,
1037 954 1301 1018 paullisper
1330 960 1516 1020 pacati:

91 1020 143 1066 in
174 1022 412 1083 genuinos
442 1021 664 1068 turbines
695 1021 905 1068 revoluti
942 1020 1082 1081 sunt,
1155 1022 1283 1071 hanc
1321 1027 1517 1075 causam

94 1089 470 1153 praetendentes
497 1103 553 1137 ut
579 1087 767 1136 seriam.
846 1090 1062 1137 Stachao
1091 1090 1293 1154 quidam
1313 1097 1513 1145 nomine
1533 1105 1564 1148 3

94 1159 349 1223 popularis
383 1177 580 1219 eorum,
616 1160 650 1222 1)
670 1171 725 1204 ut
748 1158 798 1204 in
819 1159 922 1205 otio
943 1158 1101 1205 nostra
1125 1163 1430 1225 peragrando
1458 1166 1517 1212 li-

93 1229 302 1288 centius,
331 1229 506 1290 agebat
527 1225 770 1291 quaedam
802 1227 947 1274 vetita
970 1227 1189 1292 legibus:
1230 1230 1357 1278 inter
1388 1251 1515 1296 quae

92 1295 220 1342 illud
249 1297 414 1360 potius
451 1296 713 1356 eminebat,
738 1297 876 1360 quod
902 1297 1202 1360 provinciam
1225 1302 1360 1346 omni
1383 1303 1517 1350 falla-

93 1365 282 1412 ciarum
309 1366 386 1412 via
418 1363 630 1429 prodere
659 1366 957 1423 conabatur,
991 1380 1046 1412 ut
1079 1365 1261 1413 indicia
1299 1369 1515 1420 docuere

95 1434 359 1482 ven-iffima:
421 1433 654 1499 quocirca
691 1433 935 1498 supplicio
964 1437 1273 1483 flammarum
1327 1440 1518 1488 absum-

94 1517 207 1568 ptus
230 1503 311 1550 est.

192 1571 355 1618 Huius
391 1587 562 1618 necem
591 1569 788 1631 ulcisci,
829 1584 884 1616 ut
912 1572 1181 1636 propinqui
1201 1573 1517 1641 damnatique
1536 1584 1567 1639 4

95 1638 271 1688 iniuste
293 1638 569 1701 causantes,
614 1640 828 1687 ferarum
856 1639 1035 1687 ssmiles
1058 1642 1191 1690 rabie
1214 1644 1520 1692 concitarum

98 1708 330 1756 exsiluere
349 1707 549 1756 sedibus
563 1707 679 1766 suis,
698 1709 906 1756 Ioviano
927 1709 1073 1756 etiam
1096 1725 1200 1757 tum
1220 1712 1517 1776 imperante:

99 1778 344 1842 veritique
382 1795 539 1841 prope
571 1777 769 1842 Leptim
801 1775 1059 1839 accedere,
1099 1780 1347 1828 civitatem
1366 1783 1520 1830 muris

98 1860 148 1894 et
176 1847 368 1910 populo
399 1844 637 1907 validam,
678 1845 962 1893 suburbano
991 1847 1092 1894 eius
1116 1850 1370 1898 uberrimo
1399 1851 1521 1899 inse-

99 1914 216 1962 dere
263 1933 350 1979 per
389 1913 639 1962 triduum:
690 1914 1011 1978 mactatisque
1052 1918 1340 1980 agrestibus,
1394 1938 1519 1984 quos

97 1984 331 2048 inopinus
353 1984 671 2032 hebetaverat
690 2001 870 2047 pavor,
901 1984 978 2030 vel
999 1986 1266 2048 confugere
1290 1995 1520 2052 coegenat

99 2052 165 2100 ad
203 2052 484 2117 speluncas,
532 2051 744 2100 'incensa
791 2052 1082 2117 supellectili
1130 2055 1309 2116 multa,
1393 2075 1518 2120 quae

101 2121 216 2169 vehi
251 2139 350 2167 non
383 2135 603 2185 poterat,
660 2121 827 2168 referti
874 2122 1056 2185 rapinis
1108 2138 1410 2171 reverterunt
1449 2127 1520 2171 in-

101 2189 354 2254 gentibus,
386 2189 633 2237 trahentes
647 2189 895 2252 captivum
915 2190 1101 2239 Silvam
1124 2209 1321 2256 quoque
1344 2193 1384 2256 ⁸)
1406 2193 1518 2242 casu

105 2277 220 2306 cum
233 2257 518 2305 caritatibus
549 2257 601 2304 in
633 2275 750 2323 agro
776 2258 1058 2322 inventum,
1117 2260 1305 2308 ordinis
1325 2260 1398 2309 sui
1420 2264 1518 2328 pri-

103 2342 301 2375 matem.
335 2367 338 2369 .
367 2350 369 2352 ·

206 2396 314 2443 Hac
333 2392 493 2441 subita
511 2392 650 2442 clade
669 2393 914 2460 Leptitani
939 2395 1199 2460 perterriti,
1232 2410 1342 2444 ante
1363 2398 1517 2448 incre·
1535 2404 1566 2450 5

105 2479 266 2512 menta
291 2464 534 2511 malorum
545 2499 563 2522 ,
597 2482 720 2528 quae
740 2465 1011 2512 intentabat
1032 2464 1313 2512 barbaricus
1336 2481 1518 2532 tumor,

107 2532 400 2597 praesidium
423 2532 745 2598 imploravere
756 2533 965 2582 Romani
978 2533 1181 2582 Comitis
1203 2551 1290 2600 per
1301 2536 1521 2588 Africam

161 2721 197 2763 7)
227 2717 294 2754 ΜΓ.
325 2719 438 2766 pacis.
493 2721 527 2767 ι)
547 2717 616 2755 Ms.
644 2731 770 2757 eorum
796 2719 945 2757 utinovo
972 2718 1101 2756 nostra.
1151 2722 1190 2766 2)
1217 2719 1286 2756 ΜΓ.
1311 2721 1453 2757 casuum
1475 2723 1522 2758 fe-

114 2763 278 2799 ritatibus
305 2766 345 2798 in
376 2777 472 2813 agro.
