1727 3144
432 182 532 215 AD
603 181 1100 216 LECTOREM.
1411 192 1513 225 XLV

99 293 382 355 Valentem,
407 312 513 342 «ceu
540 293 735 342 invidos
774 308 823 342 et
845 292 1155 342 detrahentes
1176 293 1280 342 eius
1307 295 1510 346 Princi-

34 378 44 382 “
95 366 172 430 pis
198 364 489 425 memoriae,
532 382 631 410 non
665 364 984 412 raro'deterit
1020 364 1303 428 arguitque:
1354 385 1507 430 paene

93 449 149 481 ut
170 434 292 481 mihi
314 432 654 497 persuadeam,
686 434 1003 480 Ammianum
1026 434 1170 480 unius
1196 434 1369 481 Iuliani
1396 456 1508 484 cau-

89 502 137 550 sa
158 517 347 550 tautum
371 503 512 566 Opus
542 502 820 567 suscepiss'e,
866 521 925 550 ne
957 522 1101 568 quam
1135 504 1508 567 amplificandae

89 573 282 620 virtutis
304 573 469 620 herois
491 571 562 618 fui
587 590 733 636 quem
764 571 1072 636 summopere
1105 573 1373 637 mirabatur
1406 594 1509 622 oin-

87 640 333 706 nibus'que
361 642 678 705 praeferebat,
717 641 1017 689 occalionem
1041 642 1341 706 praeteriret.
1417 645 1506 693 Hi-

86 710 283 758 storiam
315 724 477 758 autem
510 709 640 757 suam
671 728 768 757 non
810 712 1047 758 continuo
1095 711 1264 759 labore
1300 731 1506 778 compo-

85 778 208 827 suit:
244 779 329 827 sed
351 794 404 826 ut
427 793 527 827 erat
558 780 719 844 plures
741 779 787 825 in
818 780 973 827 libros
1004 780 1179 842 divisa,
1218 800 1306 846 per
1345 798 1503 845 partes

88 866 195 896 eam
228 849 467 913 vulgavit,
513 862 560 895 et
592 866 721 895 nunc
750 867 905 896 unum
930 852 1186 911 volumen,
1223 869 1351 896 nunc
1375 853 1503 900 alte-

86 937 196 965 rum
224 918 470 984 frequenti
510 916 783 979 auditorio,
835 937 890 964 ac
923 919 1191 967 amicorum
1225 920 1424 968 suorum
1455 936 1503 969 et

85 985 347 1034 doctorum
368 986 627 1034 hominum
646 986 834 1044 iudicio
863 986 1129 1049 commisit,
1174 1008 1501 1055 magnamque

24 1063 27 1065 ’
81 1055 198 1104 inde
218 1055 414 1103 laudem
437 1056 502 1103 est
523 1055 810 1104 consecutus
829 1075 838 1103 2
876 1071 929 1103 ut
953 1057 1098 1104 docet
1119 1058 1319 1122 epistola
1354 1059 1502 1106 Liba-

81 1125 152 1172 nii
181 1145 207 1173 a
233 1127 379 1173 fratre
408 1124 618 1173 laudata.
700 1125 1032 1174 Recitationes
1064 1145 1216 1190 porro
1249 1127 1418 1192 (ficuti
1452 1144 1501 1176 et

82 1193 482 1259 declamationes)
529 1193 743 1242 duorum
785 1213 1018 1259 generum
1054 1197 1218 1244 fuere:
1273 1199 1500 1266 publicae

82 1265 229 1326 alia03
276 1265 395 1311 aliae
426 1264 655 1327 privatae.
737 1265 972 1311 Publicae
1011 1265 1321 1312 recitationes
1363 1281 1500 1313 erant

82 1352 139 1380 ac
160 1334 594 1395 nuncupabantur,
638 1350 762 1395 quae
794 1346 875 1378 aut
896 1333 943 1377 in
967 1333 1315 1379 certaminibus
1338 1336 1499 1397 publi-

83 1420 139 1449 ce
171 1400 432 1465 propofitis
465 1400 719 1463 praemiis,
768 1414 848 1445 aut
879 1399 929 1445 in
959 1401 1126 1464 aliquo
1155 1401 1269 1448 loco
1295 1405 1498 1467 publico

84 1471 207 1518 citra
235 1471 391 1516 ullum
430 1482 677 1515 certamen
706 1469 906 1514 fiebant.
985 1468 1245 1517 Eiusmodi
1276 1473 1498 1522 exstitere

85 1539 354 1587 Oratorum
394 1556 449 1585 ac
488 1537 754 1583 Poetarum
797 1536 1091 1592 certamina,
1150 1543 1412 1602 quotannis
1444 1543 1498 1589 iu

82 1609 283 1658 Albano
313 1626 340 1654 a
375 1605 436 1653 T.
468 1603 637 1652 Flavio
668 1603 956 1651 Domitiano
995 1605 1150 1652 edita:
1195 1608 1283 1654 ubi
1312 1609 1497 1658 Statius

78 1676 128 1726 se
155 1676 374 1743 praemio
399 1689 473 1722 ter
495 1674 733 1721 donatum
759 1671 955 1737 scripfit.
1028 1674 1149 1721 Tale
1172 1675 1403 1740 Lugduni
1433 1679 1497 1726 ad

80 1765 213 1814 aran}
242 1744 449 1808 Augusti
480 1756 725 1790 certamen
756 1743 971 1790 Graecae
991 1742 1294 1810 Latinaeque
1317 1749 1496 1796 tacun-

80 1815 216 1877 diae,
251 1813 439 1862 editum
461 1831 487 1859 a
507 1812 628 1859 Caio
649 1812 894 1875 Caligula,
928 1812 977 1858 iu
1004 1831 1103 1877 quo
1132 1814 1249 1861 victi
1281 1818 1494 1864 victori—

79 1885 172 1933 bus
194 1883 408 1949 praemia
429 1880 763 1929 conferebant.
835 1880 918 1928 sic
950 1880 1081 1929 Nero
1113 1885 1348 1931 orationis
1377 1905 1494 1933 car-

18 1972 31 1984 ·
79 1955 327 2018 minisque
368 1951 532 1998 Latini
581 1968 817 1996 coronam
859 1950 1078 1996 omnium
1129 1953 1366 2000 consensu
1401 1955 1493 2004 fibi

79 2021 351 2073 conceffam
382 2017 611 2085 recepiffe
644 2017 824 2065 dicitur
843 2038 869 2065 a
893 2018 1201 2083 Tranquillo.
1286 2024 1492 2074 Publice

79 2104 278 2159 quoque
298 2090 480 2138 Statius
506 2089 688 2135 Romae
718 2087 1030 2135 Thebaidem
1065 2090 1194 2136 l'uam
1226 2092 1492 2155 plaudente

75 2163 266 2230 populo
297 2159 543 2223 recitavit:
596 2159 669 2204 uti
697 2157 940 2205 Iuvenalis
975 2159 1026 2204 iu
1054 2158 1156 2206 Sat.
1190 2176 1284 2209 vn.
1321 2163 1490 2226 prodit

80 2233 158 2281 his
190 2229 428 2278 vei-libus:

147 2302 370 2348 Curritar
389 2299 461 2343 acl
473 2313 640 2344 vocem
658 2298 923 2343 iucundam
945 2306 991 2343 et
1010 2314 1212 2345 carmen
1228 2300 1423 2345 amicae

152 2372 198 2417 T
191 2368 418 2415 hebaidos
429 2402 445 2423 ,
468 2369 651 2412 laetam
660 2368 785 2426 jecit
803 2384 912 2412 cum
941 2369 1127 2414 Statius
1153 2369 1349 2425 Urbem,

147 2440 466 2500 Promffitque
485 2438 642 2482 diem:
681 2445 824 2482 tanta
849 2439 1096 2483 dulcedine
1116 2447 1283 2500 captos

149 2510 313 2570 Afficit
334 2509 409 2552 ille
429 2507 646 2562 animo-9,
677 2515 910 2568 tantaque
927 2506 1123 2552 libidine
1151 2508 1285 2567 magi

100 2627 102 2631 ,
149 2580 379 2626 Auditur.

78 2646 336 2693 Dur-abant
388 2642 549 2690 adhuc
589 2643 773 2690 Romae
817 2639 947 2688 circa
994 2661 1172 2690 annum
1213 2641 1389 2690 Christi
1430 2659 1480 2688 D.

80 2731 216 2761 Lxxx.
240 2714 462 2778 publicae
486 2712 763 2759 orationum
787 2725 833 2758 et
857 2713 1128 2759 carminum
1155 2712 1484 2759 recitationes:

83 2796 130 2830 et
150 2782 220 2830 ibi
239 2783 290 2830 in
308 2783 419 2831 foro
443 2781 644 2830 Traiani
666 2781 923 2845 magnilica
952 2789 1179 2847 poemata
1208 2784 1268 2831 ab
1300 2781 1487 2830 Aucto·
