1727 3144
516 186 895 220 xtYLIANUs.
968 174 1083 220 565.
1395 176 1490 221 511

97 311 191 359 que
221 293 296 342 sui
335 297 620 345 memoriam
662 297 996 364 magnitudine
1040 314 1246 362 operum
1292 297 1493 360 gestiens

92 381 387 428 propagare,
421 366 732 415 ambitiosum
762 366 1012 432 quondam
1046 364 1177 431 apud
1216 365 1495 431 Hierosoly-

94 450 222 480 mam
243 436 503 498 templum,
536 437 671 499 quod
700 437 804 500 post
823 437 973 483 multa
995 450 1043 483 et
1068 434 1365 482 interneciva
1393 451 1494 480 cer-

94 502 301 564 tamina,
361 503 613 553 obsidente
671 504 990 568 Vespasiano,
1048 504 1308 569 posteaque
1358 501 1493 562 Tito,

27 627 29 630 ι
94 587 234 634 aegre
254 572 320 618 est
342 588 688 638 expugnatum,
719 575 980 622 instaurare
1009 572 1281 638 sumptibus
1315 570 1496 634 eogita-

92 637 176 685 bat
203 640 508 689 immodicis:
564 644 913 706 negotiumque
940 641 1284 690 maturandum
1313 639 1494 704 Alypio

92 704 293 756 dederat
312 710 651 771 Antiochensi,
687 711 773 774 qui
799 711 918 757 olim
940 711 1213 758 Britannias
1244 721 1496 757 curaverat

86 793 178 838 pro
199 778 469 840 praefectis.
545 779 669 831 Cum
689 779 855 844 itaque
878 779 948 826 rei
966 778 1100 826 idem
1132 779 1325 826 fortiter
1359 773 1495 824 insta·
1516 782 1542 824 3

86 858 160 890 ret
178 846 410 911 Alypius,
444 847 730 912 iuvaretque
748 848 1032 913 provinciae
1060 862 1246 908 rector,
1276 860 1495 894 metuen-

87 911 138 958 di
160 914 296 976 globi
318 918 623 963 flammarum
660 935 816 981 prope
843 916 1161 965 fundamenta
1196 915 1381 963 crebris
1411 913 1493 961 ad-

82 979 287 1030 sultibus
307 999 644 1048 erumpentes,
671 987 832 1034 fecere
851 987 1017 1034 locum
1039 986 1209 1034 exustis
1230 984 1489 1049 aliquoties

82 1053 399 1114 operantibus
435 1053 754 1102 inaccessum:
805 1056 1003 1120 hocque
1047 1055 1200 1102 modo
1247 1055 1490 1101 elemento

79 1119 361 1169 destinatius
385 1124 676 1187 repellente,
709 1123 904 1172 cessavit
933 1125 1199 1188 inceptum.

180 1190 364 1238 Iisdem
396 1191 570 1240 diebus
596 1193 782 1258 legatos
813 1192 875 1241 ad
909 1192 956 1241 se
985 1193 1146 1240 missos
1177 1192 1236 1238 ab
1260 1189 1382 1237 urbe
1410 1205 1482 1234 ae·
1503 1186 1534 1240 4

79 1268 239 1319 terna,
280 1261 408 1307 clare
440 1275 577 1308 natos
606 1262 889 1327 meritisque
911 1261 1182 1325 probabilis
1208 1260 1334 1306 vitae
1355 1274 1486 1303 com-

77 1341 268 1391 pertos,
315 1329 587 1392 Imperator
624 1330 898 1384 honoribus
937 1329 1133 1377 diversis
1173 1327 1380 1375 adfecit:
1440 1337 1489 1372 et

76 1396 424 1459 Apronianum
492 1398 674 1446 Romae
736 1398 951 1446 decrevit
1014 1398 1107 1445 effe
1166 1396 1484 1461 praefectum,

79 1463 404 1512 Octavianum
442 1466 786 1530 proconsulem
831 1468 1053 1527 Africae,
1102 1466 1318 1513 Venusto
1360 1463 1487 1509 vica-

75 1532 197 1579 riam
218 1534 459 1580 commifit
482 1534 774 1599 Hispaniae3
808 1535 1039 1580 Rufinum
1061 1534 1300 1594 Aradium
1324 1530 1486 1578 Comi-

77 1615 175 1649 tem
212 1601 429 1649 Orientis
465 1602 516 1648 in
546 1604 709 1650 locum
744 1603 972 1649 avunculi
1002 1602 1074 1648 sui
1111 1601 1288 1648 Iuliani
1315 1616 1482 1646 recens

77 1670 295 1718 defuncti
318 1671 554 1736 provexit.
638 1672 860 1728 Quibus,
902 1685 958 1717 ut
987 1682 1312 1728 convenerat,
1356 1666 1530 1713 ordi-5

74 1740 226 1799 natis,
256 1741 526 1791 terrebatur
556 1740 722 1788 omine
751 1738 969 1805 quodam
1000 1741 1074 1803 (ut
1106 1738 1276 1785 docuit
1308 1736 1482 1797 exitus)

75 1808 465 1872 praesentissimo.
545 1809 708 1856 Felice
741 1809 870 1856 enim
921 1807 1239 1871 largitionum
1288 1804 1481 1853 Comite

71 1878 317 1942 profluvio
340 1877 583 1941 sanguinis
614 1891 814 1942 repente
844 1876 1101 1937 exstineto,
1143 1892 1353 1941 eumque
1389 1874 1481 1920 Co-

73 1945 191 1992 mite
211 1947 402 1993 Iuliano
421 1946 655 2009 sequuto,
687 1947 859 2010 vulgus
890 1946 1117 2011 publicos
1154 1958 1391 1992 contuens
1424 1943 1480 1987 ti-

73 2016 228 2077 tulos,
274 2016 490 2062 Felicem
524 2017 768 2062 Iulianum
801 2015 1170 2079 Augustumque
1199 2011 1480 2077 pronuntia-

71 2084 170 2130 bat.
241 2083 564 2132 Praecefferat
584 2084 718 2131 aliud
747 2083 953 2131 saevum.
1039 2083 1266 2147 Namque
1303 2081 1476 2128 Kalen·
1497 2082 1523 2123 6

73 2152 147 2199 dis
178 2152 290 2216 iplis
320 2153 556 2200 Ianuariis
588 2156 622 2219 ¹)
653 2151 977 2201 adscendente
1006 2170 1064 2200 eo
1109 2150 1292 2216 gradile
1334 2146 1479 2195 Genii

70 2222 337 2285 templum,
371 2238 397 2267 e
421 2220 730 2268 sacerdotum
759 2222 1007 2269 consortio
1042 2221 1242 2285 quidam
1276 2213 1475 2265 caeteris

72 2289 378 2350 diuturnior,
426 2290 560 2336 nullo
608 2289 826 2353 pulsante
865 2290 1114 2351 concidit,
1166 2288 1474 2347 animamque

69 2358 314 2423 insperato
332 2357 443 2406 casu
466 2360 670 2405 efflavit:
705 2357 840 2422 quod
860 2359 1096 2406 adstantes
1119 2359 1357 2403 incertum
1390 2369 1474 2414 per

69 2428 395 2492 imperitiam,
442 2445 501 2473 an
536 2426 767 2474 adulandi
800 2427 1099 2492 cupiditate,
1141 2421 1476 2470 memorabant

68 2497 323 2544 consulum
361 2494 540 2544 seniori
575 2495 803 2560 portendi
825 2497 1053 2543 nimirum
1087 2491 1336 2539 Sallustio:
1374 2487 1476 2548 sed,

69 2578 124 2612 ut
149 2565 401 2629 adparuit,
442 2582 541 2611 non
575 2565 742 2622 aetati,
774 2564 856 2611 sed
879 2564 1099 2628 potestati
1123 2559 1291 2606 maiori
1311 2557 1475 2604 interi-

70 2647 173 2680 tum
207 2633 538 2699 propinquare
571 2633 612 2699 ²)
634 2633 1002 2680 monstrabatur.
1085 2631 1244 2693 Super
1275 2627 1350 2674 his
1382 2626 1472 2673 alia
1492 2644 1519 2685 7

119 2799 150 2842 ι)
178 2797 222 2832 τι)
249 2810 289 2830 eo
315 2797 351 2830 in
378 2796 446 2832 Ms.
478 2796 585 2834 deest.
644 2799 685 2846 2)
706 2797 773 2833 ΜΓ.
815 2808 849 2833 et
886 2796 1007 2843 saaph.
1037 2793 1332 2832 monstrabantur.
