1727 3144
285 162 721 198 σοΝεΤΛΝΤιυε
782 165 859 197 ΕΤ
907 153 1330 198 GA·L1,us.'555.
1435 156 1504 200 25

92 274 185 322 bus
203 274 430 322 usitatum
452 287 500 322 et
520 272 660 339 saepe
683 275 869 341 pacari,
906 270 1146 340 saepeque
1176 274 1391 339 inopinis
1424 295 1500 324 ex-

91 342 308 390 curlibus
337 357 514 391 cuncta
548 343 776 407 miscere,
819 346 856 410 ¹)
891 361 948 393 ex
988 344 1256 391 latrociniis
1290 345 1494 393 occultis

90 426 138 459 et
155 412 301 470 raris,
355 413 512 460 alente
546 412 834 478 impunitate
863 412 1222 462 adolescentem
1262 412 1314 460 in
1352 413 1492 477 peius

85 480 369 545 audaciam,
417 481 480 529 ad
506 482 633 530 bella
661 483 822 547 gravia
849 496 1210 548 proruperunt:
1263 480 1349 530 diu
1386 484 1491 548 qui·

85 549 200 597 dem
230 551 504 616 perduelles
525 550 719 616 spiritus
750 552 1026 619 irrequietis
1055 551 1274 599 motibus
1303 550 1489 615 erigen-

82 631 180 681 tes;
206 619 248 685 ²)
281 620 375 668 hac
398 635 560 668 tamen
579 620 868 686 indignitate
888 621 1064 686 perciti
1089 621 1124 683 3)
1155 620 1487 682 vehementer,

78 701 134 734 ut
152 687 437 738 iactitabant
452 727 465 750 ,
496 689 633 755 quod
656 707 825 738 eorum
848 689 1048 755 quidam
1069 690 1199 755 capti
1219 688 1486 750 consorteS,

78 755 210 821 apud
221 760 261 824 ⁴)
282 759 508 807 Iconium
529 757 736 809 Pifidiae
759 758 998 825 oppidum
1016 759 1068 806 in
1091 758 1488 824 amphitheatrali

76 823 354 890 spectaculo
373 828 487 877 feris
519 828 908 892 praedatricibus
941 828 1126 877 obiecti
1151 827 1263 876 sunt
1293 841 1485 892 praeter

75 912 281 945 morem.
351 897 546 962 Atque,
573 912 629 945 ut
651 897 845 946 Tullius
877 899 971 960 ait,
1011 913 1067 946 ut
1099 901 1252 945 etiam
1280 899 1315 961 ⁵)
1329 898 1520 958 fet-aea

58 966 207 1022 fizme
235 968 452 1015 monitae
473 970 766 1031 plerumque
796 972 870 1015 ad
897 986 1008 1015 eum
1042 971 1227 1025 locum,
1264 966 1348 1014 ubi
1378 968 1482 1012 alt-

69 1039 267 1097 quando
290 1039 467 1099 pastae
480 1040 622 1100 funt,
662 1048 1002 1097 revertuntur,-
1042 1038 1109 1086 ita
1137 1054 1307 1085 omnes
1335 1034 1480 1084 instar

68 1104 279 1151 turbinis
299 1104 490 1169 digressi
511 1106 762 1156 montibus
781 1105 1032 1172 impeditis
1058 1120 1106 1154 et
1136 1104 1326 1165 arduis,
1367 1105 1478 1152 loca

66 1173 282 1235 petivere
318 1175 441 1222 mari
466 1175 715 1223 confinia:
756 1194 846 1241 per
880 1195 1004 1242 quae
1033 1175 1073 1242 ⁶)
1104 1176 1196 1222 viis
1224 1171 1475 1224 latebrosis

66 1238 165 1290 sese
181 1243 587 1308 convallibusque
618 1246 946 1306 occultantes,
985 1263 1098 1292 cum
1121 1245 1160 1307 ⁷)
1190 1242 1477 1305 adpeterent

66 1320 262 1372 noctes,
298 1312 433 1376 (luna
452 1313 705 1359 etiamtum
737 1328 964 1371 cornuta,
1006 1312 1220 1375 ideoque.
1250 1308 1472 1357 nondum

61 1377 222 1427 solido
268 1378 530 1444 splendore
583 1381 821 1445 fulgente)
865 1381 1085 1427 nauticos
1134 1378 1468 1426 observabant.

64 1447 205 1504 Quos
234 1467 350 1499 cum:
375 1448 425 1494 in
450 1447 676 1496 somnum
709 1448 941 1495 sentirent
971 1448 1172 1509 effusos,
1206 1466 1293 1512 per
1315 1465 1470 1494 anco-

62 1517 178 1564 ralia
199 1516 532 1582 quadrupedo·
547 1515 703 1580 gradu
727 1531 978 1580 repentes,
1006 1517 1203 1580 seseque
1233 1514 1469 1580 suspensis

60 1585 269 1648 passibus
290 1586 574 1645 iniectantes
588 1583 646 1630 fin
665 1583 884 1648 scaphas,
919 1585 958 1648 ⁸)
992 1584 1177 1631 eisdem
1201 1584 1327 1630 nihil
1348 1584 1467 1648 opi-

60 1655 290 1704 nantibus
308 1652 619 1714 adfistebant·‚
651 1665 699 1699 et
719 1654 758 1717 ⁹)
781 1652 1073 1700 incendente
1096 1652 1328 1700 aviditate
1351 1651 1464 1699 sae-

58 1724 256 1786 vitiam,
308 1723 375 1789 ³¹⁰¹)
406 1740 469 1770 ne
503 1720 786 1770 cedentium
822 1721 1025 1787 quidem
1064 1722 1153 1769 ulli
1195 1719 1461 1787 parcendo,

57 1791 358 1840 obtruncatis
381 1789 634 1852 omnibus,
668 1808 854 1838 merces
878 1791 1065 1856 opimas
1093 1793 1146 1855 ¹¹)
1178 1791 1312 1839 velut
1339 1790 1460 1839 viles

53 1862 197 1909 nullis
221 1860 605 1926 repugnantibus
628 1860 925 1908 avertebant.

154 1930 390 1996 Haecque
429 1947 532 1977 non
576 1928 661 1976 diu
706 1928 816 1976 sunt
855 1941 1147 1994 perpetrata.
1236 1925 1493 1990 Cogniti53

52 1999 183 2046 enim
214 2000 272 2065 ¹²⁶)
303 1999 568 2064 pilatorum
596 1995 947 2063 caesorumque
991 1995 1272 2057 funeribus,
1309 2012 1456 2043 nemo

54 2067 232 2117 deinde
252 2069 316 2118 ad
335 2067 422 2116 has
441 2069 668 2116 stationes
688 2066 878 2131 adpulit
900 2085 1099 2115 navem:
1139 2065 1224 2113 sed
1251 2079 1306 2112 ut
1337 2064 1454 2112 Sci-—

49 2138 183 2185 ronis
203 2151 463 2203 praerupta
483 2137 644 2186 letalia
665 2136 979 2189 declinantes,
1008 2136 1235 2182 litoribus
1258 2133 1450 2199 Cypriis

47 2207 269 2271 contigui
303 2207 623 2271 navigabant,
681 2223 805 2270 quae
847 2204 1052 2253 Isauriae
1093 2203 1306 2269 scopulis
1341 2201 1451 2249 sum

47 2274 374 2325 controversa.
444 2275 748 2324 Procedente
768 2274 916 2339 igitur
936 2293 1054 2322 mox
1072 2288 1166 2321 ten}
1174 2290 1309 2338 pore,
1334 2274 1482 2326 cumsl

47 2345 101 2410 ¹³)
122 2343 453 2394 adventicium
474 2343 599 2392 nihil
617 2344 942 2405 inveniretur,
984 2343 1152 2390 relicta
1182 2360 1264 2390 ora
1291 2339 1445 2387 mari-

95 2554 199 2598 1)et
233 2551 441 2589 latrociniis.
521 2553 566 2597 2)
601 2552 723 2600 steph.
768 2561 934 2588 attamen.
1002 2554 1041 2598 3)
1088 2549 1156 2585 ΜΓ.
1202 2547 1442 2597 vehementes.

48 2598 170 2645 Steph.
204 2600 421 2635 vehementi.
475 2602 515 2642 4)
541 2600 663 2646 steph.
697 2600 884 2633 Lennium.
938 2602 973 2642 5)
1001 2597 1106 2644 vulgo
1134 2598 1176 2632 «3
1192 2594 1306 2642 same
1332 2591 1441 2627 deest·

47 2644 92 2690 6)
129 2645 197 2681 Ms-
233 2647 298 2682 viis
333 2644 515 2681 latebrofis
552 2644 847 2691 convallibusque
882 2644 1013 2679 occult.
1073 2647 1107 2688 7)
1133 2642 1201 2675 ΜΓ.
1230 2648 1441 2688 appeterent

49 2692 177 2727 noctis.
240 2701 276 2738 8)
314 2693 383 2727 Ms.
422 2693 557 2727 eisdem
591 2692 686 2726 enim
720 2692 822 2726 nihil.
890 2697 930 2737 9)
967 2691 1088 2736 Steplz.
1127 2688 1308 2722 incitante.
1379 2687 1439 2731 ιο)

50 2737 171 2782 vaplz.
206 2751 252 2772 ne
284 2739 502 2774 cadentium.
565 2744 604 2772 ἰι
661 2739 783 2785 Steple..
818 2736 1054 2772 velut.viles.
1138 2735 1203 2782 η)
1246 2731 1315 2769 Ms.
1349 2730 1438 2780 pila-

48 2792 166 2816 torum
195 2784 448 2833 caesorumque
490 2785 606 2820 funeri
634 2796 686 2818 us.
721 2786 778 2830 13)
805 2783 1048 2819 adven‘ivinm.
