1723 3178
527 145 1074 186 DEDICAT10.'
1421 151 1493 183 vu

96 261 291 310 Etruria
312 261 423 310 Tua
445 263 571 311 mihi
593 278 886 322 evenerunt,
919 271 1057 312 tanto
1079 259 1357 327 promptius
1379 276 1493 324 pro-

95 330 305 395 niusque
354 333 538 394 refero,
602 335 758 400 quod*
795 334 942 382 etiam
1005 331 1162 380 aliena
1218 328 1491 376 identidem

92 397 271 463 scripta
304 401 430 449 hanc
459 404 747 451 memoriam
777 405 964 468 ubique
990 401 1238 449 inculcent
1260 398 1495 463 profiten-

92 467 160 514 tia
182 464 540 527 eandenixsuam
561 491 617 520 ex
633 473 828 520 Etruria
848 472 1109 531 laetitiam3
1141 470 1191 515 iu
1215 468 1393 533 quibus
1416 467 1494 514 vel

89 537 384 603 praecipuus
409 541 608 589 exstabit
627 541 816 607 semper
836 542 920 590 hic
953 539 1245 589 Ammianus
1271 535 1494 584 Marcel*

89 605 235 667 linus,
270 609 354 672 qui
381 609 442 656 ad
464 611 719 659 notionem
743 629 941 677 quoque
963 628 1122 657 meam
1144 607 1253 672 post
1272 620 1347 653 tot
1371 605 1491 651 alios

88 676 336 738 pertinere
356 678 403 726 se
424 693 582 742 ratus,
618 681 969 743 auxiliatricem
988 676 1288 727 Florentiam
1318 673 1491 738 fingw-

86 742 148 789 lis
186 746 376 809 paginis
413 748 553 814 loqui
598 764 645 797 et
675 751 802 798 'cum
843 748 1107 815 voluptatis
1149 745 1305 793 multo
1351 741 1491 791 sensu

87 811 269 862 iactare
288 833 375 879 per
396 818 645 887 octoginta
670 837 822 868 anuos
856 818 1074 878 duravit,
1109 816 1241 863 nulla
1269 830 1488 879 unquam

86 881 435 934 intermistione
515 906 575 935 ne
641 889 840 954 posthac
925 886 1130 953 quidem
1211 883 1485 931 destiturus.

16 956 21 961 ’
83 949 353 1016 Propterea
388 954 505 1003 dum
534 971 741 1023 uterque
772 958 838 1006 fic
870 958 1114 1022 obligatus
1154 953 1344 1020 quaerit
1385 952 1488 998 offi-

84 1020 219 1068 cium
249 1022 432 1085 faeere,
475 1025 537 1072 ad
583 1046 714 1075 aram
753 1025 1054 1076 Clementiae
1094 1043 1149 1072 ae
1186 1018 1488 1085 Benignitati

82 1087 222 1138 Tuae
252 1092 773 1161 Sereuillimorumque
805 1097 1055 1145 Maiorum
1081 1094 1306 1142 Tuorum
1333 1091 1393 1137 ab
1415 1101 1490 1135 tot

82 1157 290 1223 ingeniis
312 1163 411 1209 illie
431 1162 626 1212 servatis
658 1181 870 1214 erectam
904 1180 951 1214 et
980 1180 1080 1212 tam
1113 1164 1239 1210 bene
1267 1158 1487 1207 utiliter-

82 1245 179 1291 que
203 1229 294 1277 fibi
315 1233 561 1295 cognitam
579 1234 661 1282 hic
679 1235 782 1300 ipse
812 1236 1103 1283 Ammianus
1134 1232 1185 1278 in
1223 1228 1336 1293 Cyri
1366 1244 1488 1291 pre-

83 1314 165 1343 ces
187 1298 360 1347 effusus
381 1317 536 1360 rog-at,
554 1317 609 1350 ut
629 1305 838 1368 accipias
866 1314 1024 1357 ΤΛΔΕ
1054 1311 1153 1352 ΚΑΙ
1186 1305 1487 1350 ΤΕΛΕΣΤΙ-Ι-

83 1375 176 1418 ΡΙΑ
239 1377 513 1420 ΠΟΛΛΩΝ
577 1380 676 1422 KAI
734 1381 956 1423 ΚΑΛΩΝ
1024 1369 1319 1422 ΠΡΛΞΕΩΝ
1384 1375 1483 1419 ΚΑΙ

83 1443 462 1489 ΧΑΡΙΣΤΗΡΙΑΞ
498 1451 545 1484 et
566 1456 655 1502 ego
676 1439 830 1496 hauc,
862 1458 1009 1502 quam
1031 1437 1132 1502 ipse
1164 1436 1308 1484 nobis
1337 1436 1482 1495 vitae,

83 1504 266 1552 indolis
288 1520 334 1552 et
355 1524 516 1553 rerum
535 1508 596 1552 ab
618 1505 666 1553 fe
687 1505 735 1552 iu
758 1508 871 1552 Alia
893 1521 939 1552 et
956 1507 1156 1568 Europa
1177 1519 1484 1568 peractarum

83 1574 286 1638 reliquit
305 1574 530 1638 effigiem,
564 1589 711 1637 prout
730 1575 837 1622 fieri
861 1575 1027 1632 licuit,
1059 1592 1188 1620 nunc
1211 1591 1320 1619 mea
1340 1573 1486 1620 etiam

19 1669 25 1674 -
83 1662 233 1690 mauu
254 1644 460 1707 politam
483 1642 770 1691 Cellitudiui
803 1644 941 1693 Tuae
971 1641 1205 1691 consecro
1234 1659 1292 1688 ex
1322 1641 1486 1689 officio

83 1711 234 1775 iusto,
277 1712 459 1776 pioque
490 1727 538 1760 et
567 1712 736 1769 debito
751 1750 764 1774 5,
810 1731 866 1761 ex
899 1712 1064 1760 auimo
1095 1730 1243 1776 quem
1263 1710 1486 1774 largitate

81 1781 412 1842 liberalitatis,
448 1800 594 1846 quem
618 1783 762 1829 tantis
785 1780 1164 1831 affluentiffimae
1190 1778 1485 1845 prolixitatis

85 1849 318 1915 exemplis
339 1849 591 1898 addictum
615 1850 946 1916 devotumque
968 1851 1088 1898 Tibi
1105 1849 1286 1911 fecisti3
1322 1849 1486 1895 Deum

83 1936 345 1980 venerans,
381 1933 436 1967 ut
456 1920 685 1968 omuibus
708 1922 854 1968 rebus
883 1921 999 1968 felix
1031 1934 1282 1967 aeternum
1311 1918 1487 1965 Fortu-

82 2007 200 2051 nam
238 1987 361 2036 adeo
404 1988 652 2054 conspecti
697 1990 900 2054 Imperii
937 1989 1132 2037 Etrusci
1171 1986 1483 2035 domesticam

84 2057 296 2115 habeas,
330 2056 598 2124 videasque
627 2057 906 2107 Medieeam
930 2058 1135 2123 gloriam
1162 2055 1483 2104 excelliffimis

83 2126 313 2176 laudibus
324 2125 664 2191 lilffragatione
685 2128 700 2174 i
705 2128 831 2193 plius
849 2129 944 2176 Dei
964 2127 1246 2174 illustratam
1260 2123 1484 2190 quotidie

89 2197 242 2261 magis
261 2196 512 2262 magisque
544 2197 705 2259 vigere
735 2212 781 2245 et
808 2201 1082 2245 florescere.
1166 2194 1400 2259 Lugduni
1430 2193 1503 2246 in¹

91 2266 284 2314 Batavis
305 2284 345 2312 a.
370 2264 417 2312 d.
442 2283 545 2318 mv,
574 2266 782 2316 Kalend.
810 2266 1046 2316 Decemb.
1085 2281 1452 2316 cloioctxxxxn.
