1727 3144
139 130 271 160 vAL.
307 125 597 159 GRATIAN.
642 125 713 156 ET
747 124 1009 157 VALENT.
1045 123 1090 153 2.
1163 111 1278 171 576.
1379 113 1476 171 575

66 236 330 285 Doriscum
353 236 588 284 exercitus
609 235 944 295 recensentur,
975 224 1304 283 concordante
1339 236 1474 283 omni

64 306 340 371 posteritate
358 319 413 352 ut
430 303 672 352 fabulosae
693 304 800 351 sunt
815 305 984 352 lectae.
1058 303 1184 351 Nam
1217 306 1471 368 postquam
1488 317 1515 357 S

64 376 346 421 innumerae
368 374 583 437 gentium
608 372 942 421 multitudines
965 391 1051 438 per
1081 391 1170 437 pro
1208 373 1356 419 'ncias
1383 374 1474 420 cir-

65 442 337 500 cumfusae,
370 443 736 507 pandentesque
758 441 805 489 se
830 443 881 489 in
901 441 1050 506 spatia
1082 391 1240 505 amjffa
1274 459 1473 504 campo-

64 531 201 573 rum,
239 513 460 576 regiones
484 530 651 559 omnes
679 526 725 558 et
745 525 918 559 cuncta
948 512 1210 575 opplevere
1233 511 1473 557 montium

64 580 202 645 iuga,
258 580 380 628 fides
427 599 624 645 quoque
665 581 907 628 vetustatis
951 581 1130 628 recenti
1176 581 1474 626 documento

62 651 254 696 firmata
276 651 355 697 est.
429 650 492 696 Et
525 651 709 714 primus
731 667 843 695 cum
868 649 1074 695 Alavivo
1096 647 1355 711 suscipitur
1374 648 1478 694 Fri-

62 718 302 782 tigernus,
351 720 528 783 quibus
560 732 607 764 et
639 718 866 762 alimenta
896 735 987 779 pro
1017 730 1240 780 tempore
1272 731 1319 764 et
1349 715 1477 763 subi-

64 787 249 850 gendos
272 805 411 849 agros
434 785 583 830 tribui
606 785 830 830 statuerat
850 784 1142 847 Imperator.

164 855 259 901 Per
290 854 344 899 id
375 867 565 916 tempus
594 852 742 899 nostri
779 853 948 899 limitis
987 852 1206 900 reseratis
1251 853 1476 900 obicibus
1497 869 1524 910 9

63 937 238 988 atque,
269 936 324 968 ut
344 922 583 968 Aetnaeas
614 922 797 968 favillas
828 936 1125 974 armatorum
1162 922 1352 985 agmina
1387 924 1479 968 dif-

62 990 299 1038 fundente
321 990 577 1050 barbaria3
608 1009 722 1036 cum
754 990 974 1038 difficiles
1007 990 1333 1037 necessitatum
1368 990 1478 1037 arti-

63 1061 161 1108 culi
185 1074 486 1107 correctores
508 1058 578 1106 rei
599 1059 820 1105 militaris
845 1058 1099 1123 poscerent
1118 1060 1306 1122 aliquos
1339 1060 1478 1106 clari-

63 1129 236 1177 tudine
257 1129 494 1193 gestarum
512 1146 674 1175 rerum
695 1127 991 1175 notissimos:
1025 1128 1158 1193 quasi
1187 1131 1322 1176 laevo
1357 1146 1478 1192 quo-

65 1198 180 1245 dam
211 1198 411 1244 numine
453 1195 720 1260 deligente,
757 1197 810 1243 in
833 1215 987 1244 unum
1009 1196 1207 1262 quaesiti
1234 1197 1478 1261 potestati-

62 1269 157 1315 bus
183 1267 435 1330 praefuere
460 1264 773 1313 castrenlibus
802 1265 1028 1314 homines
1060 1265 1321 1313 maculofi:
1373 1266 1478 1330 qui-

63 1337 158 1383 bus
207 1335 478 1399 Lupicinus
527 1334 779 1382 antistabat
825 1350 873 1382 et
912 1335 1183 1395 Maximus,
1234 1337 1352 1382 alter
1391 1352 1479 1398 per

65 1404 302 1452 Thracias
326 1405 519 1464 Comes,
552 1404 648 1449 dux
670 1403 789 1450 alter
809 1404 1063 1461 exitiosus,
1094 1406 1238 1450 ambo
1261 1404 1295 1469 ³)
1315 1422 1477 1450 aemu-

61 1474 138 1521 lae
163 1473 463 1520 temeritatis.
539 1473 765 1529 Quorum
796 1473 1063 1520 inlidiatrix
1099 1473 1299 1520 aviditas
1332 1488 1547 1520 mate-10

62 1544 135 1589 ria
164 1543 404 1588 malorum
440 1543 660 1588 omnium
689 1542 795 1588 fuit.
876 1542 1004 1589 Nam
1038 1544 1112 1607 (ut
1148 1543 1238 1588 alia
1286 1543 1478 1588 omitta-

64 1630 198 1672 mus,
240 1629 361 1675 quae
391 1611 674 1668 memorati,
713 1611 792 1658 vel
820 1626 950 1658 certe
993 1610 1260 1658 [inentibus
1302 1611 1480 1658 iisdem

66 1681 149 1727 alii
178 1679 383 1743 perditis
418 1680 689 1727 rationibus
730 1680 780 1725 in
822 1694 1149 1727 commeantes
1192 1681 1476 1744 peregrinos

67 1748 229 1796 adhuc
254 1748 480 1795 innoxios
503 1747 833 1813 deliquerunt)
857 1748 977 1795 illud
997 1749 1183 1796 dicetur
1209 1748 1368 1813 (quod
1389 1767 1478 1796 nec

67 1817 201 1882 apud
227 1816 299 1863 sui
333 1817 539 1882 periculi
569 1817 755 1864 iudices
781 1817 1028 1866 absolvere
1060 1819 1154 1864 ulla
1182 1832 1374 1881 poterat
1402 1835 1480 1864 ve-

65 1888 165 1951 nia)
195 1886 326 1934 triste
360 1901 411 1934 et
438 1885 729 1933 inauditum.
815 1887 941 1934 Cum
962 1887 1173 1933 traducti
1197 1887 1393 1932 barbari
1414 1885 1482 1932 'vi-
1502 1913 1546 1939 11

67 1970 174 2002 ctus
203 1955 370 2018 inopia
402 1970 716 2016 vexarentur,
758 1969 900 2017 turpe
933 1952 1282 2002 commercium
1332 1954 1478 2001 duces

68 2023 332 2071 invitiffimi
350 2023 651 2087 cogitarunt:
684 2037 730 2070 et
751 2037 957 2087 quantos
988 2023 1209 2088 undique
1239 2022 1482 2069 insatiabi-

67 2093 176 2139 litas
209 2092 438 2155 colligere
468 2093 629 2156 potuit
659 2110 828 2153 canes,
878 2110 966 2155 pro
997 2091 1195 2155 [iugulis
1239 2092 1481 2138 dederunt

68 2160 355 2225 mancipiis,
401 2159 527 2208 inter
559 2178 682 2226 quae
715 2164 791 2224 [et.
819 2161 939 2224 filii]
975 2159 1110 2218 ducti
1144 2160 1251 2206 sunt
1276 2161 1481 2223 optima·

70 2245 192 2277 tum.

168 2298 262 2346 Per
299 2297 392 2346 hos
432 2297 535 2346 dies
580 2297 763 2346 interea
812 2299 957 2347 etiam
1004 2297 1287 2346 Vithericus
1324 2290 1478 2345 Gre'u-
1502 2319 1553 2348 12

71 2368 374 2432 thungorum
405 2385 486 2415 rex
515 2386 626 2415 cum
658 2368 869 2416 Alatheo
903 2383 949 2416 et
978 2368 1018 2432 ⁴)
1040 2367 1317 2431 Saphrace,
1361 2385 1482 2430 quo-

7 2498 10 2503 ·
71 2457 181 2485 rum
203 2436 406 2484 arbitrio
441 2437 720 2500 regebatur,
757 2439 972 2502 itemque
1004 2439 1038 2500 ⁵)
1062 2437 1334 2494 Farnobio,
1372 2454 1482 2498 pro-

52 2506 312 2571 pinquans
348 2502 498 2552 Histri
529 2507 850 2570 marginibus,
893 2520 946 2552 ut
982 2504 1125 2550 fimili
1158 2505 1481 2568 susciperetur

72 2575 373 2622 humanitate
398 2573 663 2622 obsecravit
685 2576 1036 2642 Imperatorem
1071 2575 1238 2637 legatis
1271 2591 1480 2638 propere

116 2742 154 2786 3)
183 2709 235 2775 ai.
266 2739 409 2776 aemuli.
464 2744 501 2789 4)
530 2743 580 2777 al.
611 2741 787 2790 Aphtace.
844 2743 881 2788 5)
909 2739 976 2777 ΜΓ.
1007 2740 1198 2777 Farnobio.
