<?xml version="1.0" encoding="UTF-8"?>
<!DOCTYPE html PUBLIC "-//W3C//DTD XHTML 1.0 Transitional//EN"
    "http://www.w3.org/TR/xhtml1/DTD/xhtml1-transitional.dtd">
<html xmlns="http://www.w3.org/1999/xhtml" xml:lang="en" lang="en">
 <head>
  <title>
</title>
<meta http-equiv="Content-Type" content="text/html;charset=utf-8" />
  <meta name='ocr-system' content='tesseract 3.04.00' />
  <meta name='ocr-capabilities' content='ocr_page ocr_carea ocr_par ocr_line ocrx_word'/>
</head>
<body>
  <div class='ocr_page' id='page_1' title='image "ammianimarcellin01ammiuoft_0778.png"; bbox 0 0 1727 3144; ppageno 0'>
   <div class='ocr_carea' id='block_1_1' title="bbox 201 165 1404 222">
    <p class='ocr_par' dir='ltr' id='par_1_1' title="bbox 201 165 1404 222">
     <span class='ocr_line' id='line_1_1' title="bbox 201 165 1404 222; baseline -0.003 -15"><span class='ocrx_word' id='word_1_1' title='bbox 201 165 297 222; x_wconf 72' lang='lat'>570</span> <span class='ocrx_word' id='word_1_2' title='bbox 446 177 714 208; x_wconf 54' lang='lat' dir='ltr'>Ami-imm</span> <span class='ocrx_word' id='word_1_3' title='bbox 746 174 1145 206; x_wconf 66' lang='lat' dir='ltr'><strong>MARCELIANI</strong></span> <span class='ocrx_word' id='word_1_4' title='bbox 1178 177 1320 222; x_wconf 73' lang='lat' dir='ltr'><strong>xxxx,</strong></span> <span class='ocrx_word' id='word_1_5' title='bbox 1362 175 1404 205; x_wconf 81' lang='lat'>2.</span> 
     </span>
    </p>
   </div>
   <div class='ocr_carea' id='block_1_2' title="bbox 122 284 1677 2554">
    <p class='ocr_par' dir='ltr' id='par_1_2' title="bbox 200 284 1611 351">
     <span class='ocr_line' id='line_1_2' title="bbox 200 284 1611 351; baseline -0.001 -18"><span class='ocrx_word' id='word_1_6' title='bbox 200 286 316 334; x_wconf 88' lang='lat' dir='ltr'>licet</span> <span class='ocrx_word' id='word_1_7' title='bbox 342 287 571 351; x_wconf 73' lang='lat' dir='ltr'>dirempti</span> <span class='ocrx_word' id='word_1_8' title='bbox 601 286 763 350; x_wconf 80' lang='lat' dir='ltr'>spatiis</span> <span class='ocrx_word' id='word_1_9' title='bbox 787 286 970 349; x_wconf 81' lang='lat' dir='ltr'>longis,</span> <span class='ocrx_word' id='word_1_10' title='bbox 1015 302 1102 348; x_wconf 76' lang='lat' dir='ltr'>pei</span> <span class='ocrx_word' id='word_1_11' title='bbox 1129 302 1304 349; x_wconf 81' lang='lat' dir='ltr'>pagos,</span> <span class='ocrx_word' id='word_1_12' title='bbox 1341 299 1395 332; x_wconf 91' lang='lat' dir='ltr'>ut</span> <span class='ocrx_word' id='word_1_13' title='bbox 1431 284 1611 332; x_wconf 82' lang='lat' dir='ltr'>Noma-</span> 
     </span>
    </p>

    <p class='ocr_par' dir='ltr' id='par_1_3' title="bbox 201 354 1632 558">
     <span class='ocr_line' id='line_1_3' title="bbox 202 354 1609 422; baseline -0.001 -19"><span class='ocrx_word' id='word_1_14' title='bbox 202 356 313 417; x_wconf 82' lang='lat' dir='ltr'>des,</span> <span class='ocrx_word' id='word_1_15' title='bbox 351 371 584 422; x_wconf 78' lang='lat' dir='ltr'>vagantur</span> <span class='ocrx_word' id='word_1_16' title='bbox 605 354 893 402; x_wconf 76' lang='lat' dir='ltr'>immensos:</span> <span class='ocrx_word' id='word_1_17' title='bbox 933 354 1037 400; x_wconf 86' lang='lat' dir='ltr'>aevi</span> <span class='ocrx_word' id='word_1_18' title='bbox 1067 368 1226 400; x_wconf 84' lang='lat' dir='ltr'>tamen</span> <span class='ocrx_word' id='word_1_19' title='bbox 1265 354 1511 418; x_wconf 78' lang='lat' dir='ltr'>piogiessu</span> <span class='ocrx_word' id='word_1_20' title='bbox 1547 355 1609 401; x_wconf 83' lang='lat' dir='ltr'>ad</span> 
     </span>
     <span class='ocr_line' id='line_1_4' title="bbox 201 422 1609 483; baseline -0.001 -11"><span class='ocrx_word' id='word_1_21' title='bbox 201 444 355 472; x_wconf 85' lang='lat' dir='ltr'>unum</span> <span class='ocrx_word' id='word_1_22' title='bbox 385 424 656 473; x_wconf 77' lang='lat' dir='ltr'>conceffere</span> <span class='ocrx_word' id='word_1_23' title='bbox 692 425 1011 483; x_wconf 79' lang='lat' dir='ltr'>vocabulum,</span> <span class='ocrx_word' id='word_1_24' title='bbox 1050 436 1096 469; x_wconf 91' lang='lat' dir='ltr'>et</span> <span class='ocrx_word' id='word_1_25' title='bbox 1133 422 1404 469; x_wconf 77' lang='lat' dir='ltr'>summatim</span> <span class='ocrx_word' id='word_1_26' title='bbox 1442 441 1609 470; x_wconf 84' lang='lat' dir='ltr'>omnes</span> 
     </span>
     <span class='ocr_line' id='line_1_5' title="bbox 201 493 1632 558; baseline -0.003 -16"><span class='ocrx_word' id='word_1_27' title='bbox 201 495 347 542; x_wconf 86' lang='lat' dir='ltr'>Alani</span> <span class='ocrx_word' id='word_1_28' title='bbox 368 494 775 558; x_wconf 79' lang='lat' dir='ltr'>cognominantur</span> <span class='ocrx_word' id='word_1_29' title='bbox 796 500 822 525; x_wconf 88' lang='lat'><strong>*</strong></span> <span class='ocrx_word' id='word_1_30' title='bbox 844 510 1003 539; x_wconf 86' lang='lat' dir='ltr'>mores</span> <span class='ocrx_word' id='word_1_31' title='bbox 1024 507 1071 539; x_wconf 93' lang='lat' dir='ltr'>et</span> <span class='ocrx_word' id='word_1_32' title='bbox 1100 493 1259 538; x_wconf 79' lang='lat' dir='ltr'>media</span> <span class='ocrx_word' id='word_1_33' title='bbox 1289 506 1335 538; x_wconf 90' lang='lat' dir='ltr'>et</span> <span class='ocrx_word' id='word_1_34' title='bbox 1368 493 1632 539; x_wconf 77' lang='lat' dir='ltr'>efferatam·</span> 
     </span>
    </p>

    <p class='ocr_par' dir='ltr' id='par_1_4' title="bbox 134 560 1613 1315">
     <span class='ocr_line' id='line_1_6' title="bbox 134 560 1610 620; baseline -0.002 -11"><span class='ocrx_word' id='word_1_35' title='bbox 134 566 184 609; x_wconf 80' lang='lat'>18</span> <span class='ocrx_word' id='word_1_36' title='bbox 203 564 425 620; x_wconf 80' lang='lat' dir='ltr'>vivendi,</span> <span class='ocrx_word' id='word_1_37' title='bbox 454 562 537 610; x_wconf 82' lang='lat' dir='ltr'>sed</span> <span class='ocrx_word' id='word_1_38' title='bbox 557 563 650 608; x_wconf 87' lang='lat' dir='ltr'>iam</span> <span class='ocrx_word' id='word_1_39' title='bbox 675 563 1001 609; x_wconf 86' lang='lat' dir='ltr'>immaturam.</span> <span class='ocrx_word' id='word_1_40' title='bbox 1028 561 1062 594; x_wconf 49' lang='lat'>¹*</span> <span class='ocrx_word' id='word_1_41' title='bbox 1093 560 1198 608; x_wconf 86' lang='lat' dir='ltr'>Nec</span> <span class='ocrx_word' id='word_1_42' title='bbox 1229 561 1355 607; x_wconf 88' lang='lat' dir='ltr'>enim</span> <span class='ocrx_word' id='word_1_43' title='bbox 1378 562 1476 606; x_wconf 87' lang='lat' dir='ltr'>ulla</span> <span class='ocrx_word' id='word_1_44' title='bbox 1501 561 1610 606; x_wconf 85' lang='lat' dir='ltr'>sunt</span> 
     </span>
     <span class='ocr_line' id='line_1_7' title="bbox 200 629 1610 696; baseline -0.001 -18"><span class='ocrx_word' id='word_1_45' title='bbox 200 633 355 679; x_wconf 81' lang='lat' dir='ltr'>illisce</span> <span class='ocrx_word' id='word_1_46' title='bbox 380 633 589 696; x_wconf 72' lang='lat' dir='ltr'>tuguria,</span> <span class='ocrx_word' id='word_1_47' title='bbox 618 646 699 679; x_wconf 91' lang='lat' dir='ltr'>aut</span> <span class='ocrx_word' id='word_1_48' title='bbox 720 631 938 679; x_wconf 79' lang='lat' dir='ltr'>versandi</span> <span class='ocrx_word' id='word_1_49' title='bbox 963 631 1172 677; x_wconf 87' lang='lat' dir='ltr'>vomeris</span> <span class='ocrx_word' id='word_1_50' title='bbox 1194 650 1325 690; x_wconf 80' lang='lat' dir='ltr'>cura,</span> <span class='ocrx_word' id='word_1_51' title='bbox 1359 629 1442 676; x_wconf 85' lang='lat' dir='ltr'>sed</span> <span class='ocrx_word' id='word_1_52' title='bbox 1467 646 1610 677; x_wconf 85' lang='lat' dir='ltr'>carne</span> 
     </span>
     <span class='ocr_line' id='line_1_8' title="bbox 200 698 1610 765; baseline -0.003 -17"><span class='ocrx_word' id='word_1_53' title='bbox 200 716 248 748; x_wconf 89' lang='lat' dir='ltr'>et</span> <span class='ocrx_word' id='word_1_54' title='bbox 297 702 439 765; x_wconf 81' lang='lat' dir='ltr'>copia</span> <span class='ocrx_word' id='word_1_55' title='bbox 488 701 709 748; x_wconf 83' lang='lat' dir='ltr'>victitant</span> <span class='ocrx_word' id='word_1_56' title='bbox 756 701 921 762; x_wconf 77' lang='lat' dir='ltr'>lactis,</span> <span class='ocrx_word' id='word_1_57' title='bbox 980 699 1199 763; x_wconf 81' lang='lat' dir='ltr'>plaustris</span> <span class='ocrx_word' id='word_1_58' title='bbox 1242 698 1610 763; x_wconf 68' lang='lat' dir='ltr'><strong>supersidentes,</strong></span> 
     </span>
     <span class='ocr_line' id='line_1_9' title="bbox 201 766 1612 835; baseline -0.002 -18"><span class='ocrx_word' id='word_1_59' title='bbox 201 788 324 835; x_wconf 82' lang='lat' dir='ltr'>quae</span> <span class='ocrx_word' id='word_1_60' title='bbox 347 771 662 834; x_wconf 73' lang='lat' dir='ltr'>operimentis</span> <span class='ocrx_word' id='word_1_61' title='bbox 685 771 895 816; x_wconf 84' lang='lat' dir='ltr'>curvatis</span> <span class='ocrx_word' id='word_1_62' title='bbox 936 769 1176 815; x_wconf 75' lang='lat' dir='ltr'>corticum</span> <span class='ocrx_word' id='word_1_63' title='bbox 1213 786 1294 832; x_wconf 87' lang='lat' dir='ltr'>per</span> <span class='ocrx_word' id='word_1_64' title='bbox 1329 766 1612 814; x_wconf 77' lang='lat' dir='ltr'>solitudines</span> 
     </span>
     <span class='ocr_line' id='line_1_10' title="bbox 199 836 1613 900; baseline -0.004 -13"><span class='ocrx_word' id='word_1_65' title='bbox 199 841 460 887; x_wconf 82' lang='lat' dir='ltr'>conferunt</span> <span class='ocrx_word' id='word_1_66' title='bbox 480 839 576 886; x_wconf 80' lang='lat' dir='ltr'>[ine</span> <span class='ocrx_word' id='word_1_67' title='bbox 595 841 692 885; x_wconf 82' lang='lat' dir='ltr'>fine</span> <span class='ocrx_word' id='word_1_68' title='bbox 715 837 961 884; x_wconf 86' lang='lat' dir='ltr'>distentas.</span> <span class='ocrx_word' id='word_1_69' title='bbox 1037 837 1259 900; x_wconf 84' lang='lat' dir='ltr'>Cumque</span> <span class='ocrx_word' id='word_1_70' title='bbox 1281 836 1340 882; x_wconf 85' lang='lat' dir='ltr'>ad</span> <span class='ocrx_word' id='word_1_71' title='bbox 1367 836 1613 898; x_wconf 78' lang='lat' dir='ltr'>graminea</span> 
     </span>
     <span class='ocr_line' id='line_1_11' title="bbox 199 904 1612 968; baseline -0.004 -13"><span class='ocrx_word' id='word_1_72' title='bbox 199 909 446 967; x_wconf 78' lang='lat' dir='ltr'>venerint,</span> <span class='ocrx_word' id='word_1_73' title='bbox 489 909 542 952; x_wconf 86' lang='lat' dir='ltr'>in</span> <span class='ocrx_word' id='word_1_74' title='bbox 575 907 896 952; x_wconf 78' lang='lat' dir='ltr'>orbiculatam</span> <span class='ocrx_word' id='word_1_75' title='bbox 932 908 1132 968; x_wconf 79' lang='lat' dir='ltr'>figuram</span> <span class='ocrx_word' id='word_1_76' title='bbox 1156 906 1327 951; x_wconf 84' lang='lat' dir='ltr'>locatis</span> <span class='ocrx_word' id='word_1_77' title='bbox 1351 907 1391 968; x_wconf 78' lang='lat'>⁹)</span> <span class='ocrx_word' id='word_1_78' title='bbox 1415 904 1612 951; x_wconf 82' lang='lat' dir='ltr'>sarracis</span> 
     </span>
     <span class='ocr_line' id='line_1_12' title="bbox 198 973 1612 1037; baseline -0.001 -15"><span class='ocrx_word' id='word_1_79' title='bbox 198 978 357 1023; x_wconf 78' lang='lat' dir='ltr'>ferino</span> <span class='ocrx_word' id='word_1_80' title='bbox 378 976 474 1021; x_wconf 84' lang='lat' dir='ltr'>ritu</span> <span class='ocrx_word' id='word_1_81' title='bbox 495 974 780 1021; x_wconf 77' lang='lat' dir='ltr'>vescuntur:</span> <span class='ocrx_word' id='word_1_82' title='bbox 827 973 1192 1037; x_wconf 72' lang='lat' dir='ltr'>absumptisque</span> <span class='ocrx_word' id='word_1_83' title='bbox 1228 974 1440 1036; x_wconf 73' lang='lat' dir='ltr'>pabulis,</span> <span class='ocrx_word' id='word_1_84' title='bbox 1480 974 1612 1022; x_wconf 83' lang='lat' dir='ltr'>velut</span> 
     </span>
     <span class='ocr_line' id='line_1_13' title="bbox 200 1040 1610 1108; baseline -0.001 -17"><span class='ocrx_word' id='word_1_85' title='bbox 200 1044 442 1108; x_wconf 52' lang='lat' dir='ltr'>carpentis</span> <span class='ocrx_word' id='word_1_86' title='bbox 498 1042 720 1089; x_wconf 83' lang='lat' dir='ltr'>civitates</span> <span class='ocrx_word' id='word_1_87' title='bbox 774 1040 1022 1105; x_wconf 76' lang='lat' dir='ltr'>impolitas</span> <span class='ocrx_word' id='word_1_88' title='bbox 1078 1041 1289 1102; x_wconf 80' lang='lat' dir='ltr'>vehunt,</span> <span class='ocrx_word' id='word_1_89' title='bbox 1349 1045 1610 1106; x_wconf 79' lang='lat' dir='ltr'>maresque</span> 
     </span>
     <span class='ocr_line' id='line_1_14' title="bbox 197 1109 1610 1177; baseline -0.001 -18"><span class='ocrx_word' id='word_1_90' title='bbox 197 1113 340 1177; x_wconf 72' lang='lat' dir='ltr'>supra</span> <span class='ocrx_word' id='word_1_91' title='bbox 375 1131 488 1159; x_wconf 90' lang='lat' dir='ltr'>cum</span> <span class='ocrx_word' id='word_1_92' title='bbox 522 1110 717 1158; x_wconf 82' lang='lat' dir='ltr'>feminis</span> <span class='ocrx_word' id='word_1_93' title='bbox 753 1117 961 1171; x_wconf 71' lang='lat' dir='ltr'>coeunt,</span> <span class='ocrx_word' id='word_1_94' title='bbox 1009 1125 1055 1157; x_wconf 86' lang='lat' dir='ltr'>et</span> <span class='ocrx_word' id='word_1_95' title='bbox 1093 1109 1351 1157; x_wconf 79' lang='lat' dir='ltr'>nascuntur</span> <span class='ocrx_word' id='word_1_96' title='bbox 1389 1111 1439 1155; x_wconf 84' lang='lat' dir='ltr'>in</span> <span class='ocrx_word' id='word_1_97' title='bbox 1465 1111 1539 1157; x_wconf 69' lang='lat' dir='ltr'>liis</span> <span class='ocrx_word' id='word_1_98' title='bbox 1564 1124 1610 1157; x_wconf 89' lang='lat' dir='ltr'>et</span> 
     </span>
     <span class='ocr_line' id='line_1_15' title="bbox 198 1179 1611 1248; baseline -0.004 -18"><span class='ocrx_word' id='word_1_99' title='bbox 198 1183 255 1248; x_wconf 80' lang='lat'>¹0)</span> <span class='ocrx_word' id='word_1_100' title='bbox 285 1180 806 1230; x_wconf 85' lang='lat' dir='ltr'>educanturinfantes:</span> <span class='ocrx_word' id='word_1_101' title='bbox 843 1194 890 1226; x_wconf 90' lang='lat' dir='ltr'>et</span> <span class='ocrx_word' id='word_1_102' title='bbox 911 1179 1187 1226; x_wconf 83' lang='lat' dir='ltr'>habitacula</span> <span class='ocrx_word' id='word_1_103' title='bbox 1222 1179 1330 1225; x_wconf 76' lang='lat' dir='ltr'>sunt</span> <span class='ocrx_word' id='word_1_104' title='bbox 1364 1179 1483 1225; x_wconf 85' lang='lat' dir='ltr'>haec</span> <span class='ocrx_word' id='word_1_105' title='bbox 1515 1179 1611 1225; x_wconf 89' lang='lat' dir='ltr'>illis</span> 
     </span>
     <span class='ocr_line' id='line_1_16' title="bbox 196 1248 1612 1315; baseline 0.001 -20"><span class='ocrx_word' id='word_1_106' title='bbox 196 1265 463 1315; x_wconf 73' lang='lat' dir='ltr'>perp&#39;etua3</span> <span class='ocrx_word' id='word_1_107' title='bbox 529 1264 575 1297; x_wconf 86' lang='lat' dir='ltr'>et</span> <span class='ocrx_word' id='word_1_108' title='bbox 620 1267 932 1314; x_wconf 75' lang='lat' dir='ltr'>quocumque</span> <span class='ocrx_word' id='word_1_109' title='bbox 979 1249 1151 1308; x_wconf 75' lang='lat' dir='ltr'>ierint,</span> <span class='ocrx_word' id='word_1_110' title='bbox 1202 1248 1303 1295; x_wconf 87' lang='lat' dir='ltr'>illic</span> <span class='ocrx_word' id='word_1_111' title='bbox 1319 1249 1612 1310; x_wconf 46' lang='lat' dir='ltr'>§.genuinum</span> 
     </span>
    </p>

    <p class='ocr_par' dir='ltr' id='par_1_5' title="bbox 129 1316 1677 1726">
     <span class='ocr_line' id='line_1_17' title="bbox 129 1316 1611 1382; baseline -0.003 -14"><span class='ocrx_word' id='word_1_112' title='bbox 129 1336 182 1377; x_wconf 82' lang='lat'>19</span> <span class='ocrx_word' id='word_1_113' title='bbox 201 1321 471 1368; x_wconf 83' lang='lat' dir='ltr'>existimant</span> <span class='ocrx_word' id='word_1_114' title='bbox 507 1321 674 1366; x_wconf 83' lang='lat' dir='ltr'>larem.</span> <span class='ocrx_word' id='word_1_115' title='bbox 761 1323 989 1366; x_wconf 75' lang='lat' dir='ltr'>Armenta</span> <span class='ocrx_word' id='word_1_116' title='bbox 1021 1335 1132 1382; x_wconf 79' lang='lat' dir='ltr'>prae</span> <span class='ocrx_word' id='word_1_117' title='bbox 1173 1316 1220 1364; x_wconf 77' lang='lat' dir='ltr'>fe</span> <span class='ocrx_word' id='word_1_118' title='bbox 1261 1333 1454 1381; x_wconf 80' lang='lat' dir='ltr'>agentes</span> <span class='ocrx_word' id='word_1_119' title='bbox 1497 1336 1611 1363; x_wconf 79' lang='lat' dir='ltr'>cuin</span> 
     </span>
     <span class='ocr_line' id='line_1_18' title="bbox 201 1386 1610 1454; baseline -0.004 -17"><span class='ocrx_word' id='word_1_120' title='bbox 201 1391 429 1454; x_wconf 80' lang='lat' dir='ltr'>gregibus</span> <span class='ocrx_word' id='word_1_121' title='bbox 450 1388 677 1454; x_wconf 80' lang='lat' dir='ltr'>pascunt:</span> <span class='ocrx_word' id='word_1_122' title='bbox 710 1388 1016 1452; x_wconf 82' lang='lat' dir='ltr'>maximeque</span> <span class='ocrx_word' id='word_1_123' title='bbox 1037 1386 1203 1451; x_wconf 85' lang='lat' dir='ltr'>equini</span> <span class='ocrx_word' id='word_1_124' title='bbox 1228 1388 1415 1449; x_wconf 77' lang='lat' dir='ltr'>pecoris</span> <span class='ocrx_word' id='word_1_125' title='bbox 1447 1387 1511 1433; x_wconf 76' lang='lat' dir='ltr'>est</span> <span class='ocrx_word' id='word_1_126' title='bbox 1542 1387 1610 1432; x_wconf 89' lang='lat' dir='ltr'>eis</span> 
     </span>
     <span class='ocr_line' id='line_1_19' title="bbox 190 1454 1614 1521; baseline -0.004 -15"><span class='ocrx_word' id='word_1_127' title='bbox 190 1459 457 1507; x_wconf 60' lang='lat' dir='ltr'>sollicitior</span> <span class='ocrx_word' id='word_1_128' title='bbox 475 1478 606 1506; x_wconf 82' lang='lat' dir='ltr'>cura.</span> <span class='ocrx_word' id='word_1_129' title='bbox 679 1457 758 1505; x_wconf 83' lang='lat' dir='ltr'>Ibi</span> <span class='ocrx_word' id='word_1_130' title='bbox 784 1456 944 1521; x_wconf 79' lang='lat' dir='ltr'>campi</span> <span class='ocrx_word' id='word_1_131' title='bbox 971 1454 1159 1519; x_wconf 78' lang='lat' dir='ltr'>semper</span> <span class='ocrx_word' id='word_1_132' title='bbox 1191 1454 1508 1515; x_wconf 72' lang='lat' dir='ltr'>herbescunt,</span> <span class='ocrx_word' id='word_1_133' title='bbox 1540 1456 1614 1500; x_wconf 82' lang='lat' dir='ltr'>in-</span> 
     </span>
     <span class='ocr_line' id='line_1_20' title="bbox 197 1525 1612 1593; baseline -0.005 -17"><span class='ocrx_word' id='word_1_134' title='bbox 197 1528 373 1576; x_wconf 78' lang='lat' dir='ltr'>terlitis</span> <span class='ocrx_word' id='word_1_135' title='bbox 398 1527 650 1593; x_wconf 83' lang='lat' dir='ltr'>pomiferis</span> <span class='ocrx_word' id='word_1_136' title='bbox 671 1527 820 1574; x_wconf 86' lang='lat' dir='ltr'>locis:</span> <span class='ocrx_word' id='word_1_137' title='bbox 859 1540 1003 1589; x_wconf 81' lang='lat' dir='ltr'>atque</span> <span class='ocrx_word' id='word_1_138' title='bbox 1029 1525 1142 1572; x_wconf 89' lang='lat' dir='ltr'>ideo</span> <span class='ocrx_word' id='word_1_139' title='bbox 1168 1538 1467 1571; x_wconf 84' lang='lat' dir='ltr'>transeuntes</span> <span class='ocrx_word' id='word_1_140' title='bbox 1492 1541 1612 1589; x_wconf 87' lang='lat' dir='ltr'>quo-</span> 
     </span>
     <span class='ocr_line' id='line_1_21' title="bbox 196 1593 1610 1659; baseline -0.004 -16"><span class='ocrx_word' id='word_1_141' title='bbox 196 1598 343 1659; x_wconf 85' lang='lat' dir='ltr'>libet,</span> <span class='ocrx_word' id='word_1_142' title='bbox 371 1616 460 1645; x_wconf 87' lang='lat' dir='ltr'>nec</span> <span class='ocrx_word' id='word_1_143' title='bbox 482 1596 723 1644; x_wconf 83' lang='lat' dir='ltr'>alimentis</span> <span class='ocrx_word' id='word_1_144' title='bbox 747 1614 836 1643; x_wconf 85' lang='lat' dir='ltr'>nec</span> <span class='ocrx_word' id='word_1_145' title='bbox 858 1595 1049 1659; x_wconf 85' lang='lat' dir='ltr'>pabulis</span> <span class='ocrx_word' id='word_1_146' title='bbox 1070 1593 1314 1657; x_wconf 82' lang='lat' dir='ltr'>indigent:</span> <span class='ocrx_word' id='word_1_147' title='bbox 1347 1593 1484 1658; x_wconf 87' lang='lat' dir='ltr'>quod</span> <span class='ocrx_word' id='word_1_148' title='bbox 1514 1594 1610 1640; x_wconf 85' lang='lat' dir='ltr'>effi-</span> 
     </span>
     <span class='ocr_line' id='line_1_22' title="bbox 199 1663 1677 1726; baseline -0.003 -14"><span class='ocrx_word' id='word_1_149' title='bbox 199 1668 266 1714; x_wconf 88' lang='lat' dir='ltr'>cit</span> <span class='ocrx_word' id='word_1_150' title='bbox 303 1668 591 1715; x_wconf 85' lang='lat' dir='ltr'>humectum</span> <span class='ocrx_word' id='word_1_151' title='bbox 629 1664 785 1712; x_wconf 82' lang='lat' dir='ltr'>solum</span> <span class='ocrx_word' id='word_1_152' title='bbox 827 1678 874 1711; x_wconf 84' lang='lat' dir='ltr'>et</span> <span class='ocrx_word' id='word_1_153' title='bbox 908 1664 1069 1710; x_wconf 84' lang='lat' dir='ltr'>crebri</span> <span class='ocrx_word' id='word_1_154' title='bbox 1105 1663 1362 1709; x_wconf 84' lang='lat' dir='ltr'>fluminum</span> <span class='ocrx_word' id='word_1_155' title='bbox 1401 1676 1611 1726; x_wconf 83' lang='lat' dir='ltr'>praeter-</span> <span class='ocrx_word' id='word_1_156' title='bbox 1671 1718 1677 1722; x_wconf 27' lang='lat'><strong>⁴</strong></span> 
     </span>
    </p>

    <p class='ocr_par' dir='ltr' id='par_1_6' title="bbox 126 1730 1610 2208">
     <span class='ocr_line' id='line_1_23' title="bbox 126 1730 1610 1796; baseline -0.004 -14"><span class='ocrx_word' id='word_1_157' title='bbox 126 1739 467 1784; x_wconf 71' lang='lat' dir='ltr'>201neantium</span> <span class='ocrx_word' id='word_1_158' title='bbox 495 1735 677 1783; x_wconf 86' lang='lat' dir='ltr'>cursus.</span> <span class='ocrx_word' id='word_1_159' title='bbox 757 1733 931 1781; x_wconf 88' lang='lat' dir='ltr'>Omnis</span> <span class='ocrx_word' id='word_1_160' title='bbox 964 1733 1110 1796; x_wconf 80' lang='lat' dir='ltr'>igitur</span> <span class='ocrx_word' id='word_1_161' title='bbox 1142 1745 1269 1779; x_wconf 87' lang='lat' dir='ltr'>aetas</span> <span class='ocrx_word' id='word_1_162' title='bbox 1303 1745 1348 1778; x_wconf 88' lang='lat' dir='ltr'>et</span> <span class='ocrx_word' id='word_1_163' title='bbox 1368 1730 1503 1778; x_wconf 82' lang='lat' dir='ltr'>sexus</span> <span class='ocrx_word' id='word_1_164' title='bbox 1523 1731 1610 1776; x_wconf 88' lang='lat' dir='ltr'>im-</span> 
     </span>
     <span class='ocr_line' id='line_1_24' title="bbox 200 1799 1610 1867; baseline -0.004 -17"><span class='ocrx_word' id='word_1_165' title='bbox 200 1806 342 1852; x_wconf 83' lang='lat' dir='ltr'>bellis</span> <span class='ocrx_word' id='word_1_166' title='bbox 363 1806 491 1852; x_wconf 88' lang='lat' dir='ltr'>circa</span> <span class='ocrx_word' id='word_1_167' title='bbox 523 1805 746 1852; x_wconf 87' lang='lat' dir='ltr'>vehicula</span> <span class='ocrx_word' id='word_1_168' title='bbox 781 1801 882 1867; x_wconf 79' lang='lat' dir='ltr'>ipsa</span> <span class='ocrx_word' id='word_1_169' title='bbox 920 1801 1160 1862; x_wconf 73' lang='lat' dir='ltr'>versatur,</span> <span class='ocrx_word' id='word_1_170' title='bbox 1218 1800 1495 1864; x_wconf 86' lang='lat' dir='ltr'>muniisque</span> <span class='ocrx_word' id='word_1_171' title='bbox 1538 1799 1610 1845; x_wconf 88' lang='lat' dir='ltr'>di-</span> 
     </span>
     <span class='ocr_line' id='line_1_25' title="bbox 199 1867 1608 1936; baseline -0.005 -15"><span class='ocrx_word' id='word_1_172' title='bbox 199 1874 447 1936; x_wconf 76' lang='lat' dir='ltr'>ltiingitur</span> <span class='ocrx_word' id='word_1_173' title='bbox 466 1874 730 1921; x_wconf 78' lang='lat' dir='ltr'>mollibus</span> <span class='ocrx_word' id='word_1_174' title='bbox 772 1873 1009 1935; x_wconf 87' lang='lat' dir='ltr'>iuventus</span> <span class='ocrx_word' id='word_1_175' title='bbox 1031 1888 1146 1918; x_wconf 90' lang='lat' dir='ltr'>vero</span> <span class='ocrx_word' id='word_1_176' title='bbox 1179 1870 1428 1934; x_wconf 82' lang='lat' dir='ltr'>equitandi</span> <span class='ocrx_word' id='word_1_177' title='bbox 1465 1867 1553 1915; x_wconf 84' lang='lat' dir='ltr'>usu</span> <span class='ocrx_word' id='word_1_178' title='bbox 1581 1887 1608 1914; x_wconf 86' lang='lat' dir='ltr'>a</span> 
     </span>
     <span class='ocr_line' id='line_1_26' title="bbox 196 1917 1607 2006; baseline -0.004 -19"><span class='ocrx_word' id='word_1_179' title='bbox 196 1942 355 2006; x_wconf 83' lang='lat' dir='ltr'>prima</span> <span class='ocrx_word' id='word_1_180' title='bbox 374 1942 584 2004; x_wconf 86' lang='lat' dir='ltr'>pueritia</span> <span class='ocrx_word' id='word_1_181' title='bbox 616 1942 890 1989; x_wconf 72' lang='lat' dir='ltr'>coalescens</span> <span class='ocrx_word' id='word_1_182' title='bbox 909 1977 921 2000; x_wconf 82' lang='lat'>‚</span> <span class='ocrx_word' id='word_1_183' title='bbox 963 1917 1189 1986; x_wconf 79' lang='lat' dir='ltr'>iiicedeie</span> <span class='ocrx_word' id='word_1_184' title='bbox 1222 1938 1426 2001; x_wconf 84' lang='lat' dir='ltr'>pedibus</span> <span class='ocrx_word' id='word_1_185' title='bbox 1455 1936 1607 1983; x_wconf 82' lang='lat' dir='ltr'>existi-</span> 
     </span>
     <span class='ocr_line' id='line_1_27' title="bbox 197 2004 1608 2072; baseline -0.005 -15"><span class='ocrx_word' id='word_1_186' title='bbox 197 2024 299 2058; x_wconf 84' lang='lat' dir='ltr'>mat</span> <span class='ocrx_word' id='word_1_187' title='bbox 319 2011 438 2057; x_wconf 89' lang='lat' dir='ltr'>vile:</span> <span class='ocrx_word' id='word_1_188' title='bbox 484 2023 531 2056; x_wconf 90' lang='lat' dir='ltr'>et</span> <span class='ocrx_word' id='word_1_189' title='bbox 550 2025 718 2055; x_wconf 87' lang='lat' dir='ltr'>omnes</span> <span class='ocrx_word' id='word_1_190' title='bbox 743 2011 794 2072; x_wconf 83' lang='lat'>¹¹)</span> <span class='ocrx_word' id='word_1_191' title='bbox 823 2008 1083 2070; x_wconf 79' lang='lat' dir='ltr'>multiplici</span> <span class='ocrx_word' id='word_1_192' title='bbox 1115 2005 1366 2068; x_wconf 74' lang='lat' dir='ltr'>disciplina</span> <span class='ocrx_word' id='word_1_193' title='bbox 1396 2004 1608 2068; x_wconf 53' lang='grc'>[111111611-</span> 
     </span>
     <span class='ocr_line' id='line_1_28' title="bbox 197 2073 1605 2139; baseline -0.004 -13"><span class='ocrx_word' id='word_1_194' title='bbox 197 2093 268 2126; x_wconf 87' lang='lat' dir='ltr'>tes</span> <span class='ocrx_word' id='word_1_195' title='bbox 295 2077 406 2125; x_wconf 82' lang='lat' dir='ltr'>sunt</span> <span class='ocrx_word' id='word_1_196' title='bbox 432 2078 707 2124; x_wconf 78' lang='lat' dir='ltr'>bellatores.</span> <span class='ocrx_word' id='word_1_197' title='bbox 793 2074 932 2121; x_wconf 85' lang='lat' dir='ltr'>Unde</span> <span class='ocrx_word' id='word_1_198' title='bbox 962 2075 1108 2121; x_wconf 89' lang='lat' dir='ltr'>etiam</span> <span class='ocrx_word' id='word_1_199' title='bbox 1139 2073 1337 2133; x_wconf 75' lang='lat' dir='ltr'>Persae,</span> <span class='ocrx_word' id='word_1_200' title='bbox 1381 2075 1466 2139; x_wconf 86' lang='lat' dir='ltr'>qui</span> <span class='ocrx_word' id='word_1_201' title='bbox 1496 2073 1605 2122; x_wconf 82' lang='lat' dir='ltr'>lunt</span> 
     </span>
     <span class='ocr_line' id='line_1_29' title="bbox 199 2142 1432 2211; baseline -0.005 -17"><span class='ocrx_word' id='word_1_202' title='bbox 199 2147 454 2211; x_wconf 83' lang='lat' dir='ltr'>originitus</span> <span class='ocrx_word' id='word_1_203' title='bbox 475 2145 684 2208; x_wconf 85' lang='lat' dir='ltr'>Scythae</span> <span class='ocrx_word' id='word_1_204' title='bbox 698 2181 713 2202; x_wconf 81' lang='grc'><strong>,</strong></span> <span class='ocrx_word' id='word_1_205' title='bbox 753 2142 1004 2208; x_wconf 80' lang='lat' dir='ltr'>pugnandi</span> <span class='ocrx_word' id='word_1_206' title='bbox 1023 2142 1132 2189; x_wconf 86' lang='lat' dir='ltr'>lunt</span> <span class='ocrx_word' id='word_1_207' title='bbox 1152 2142 1432 2206; x_wconf 81' lang='lat' dir='ltr'>peritillimi.</span> 
     </span>
    </p>

    <p class='ocr_par' dir='ltr' id='par_1_7' title="bbox 122 2209 1606 2554">
     <span class='ocr_line' id='line_1_30' title="bbox 122 2209 1606 2276; baseline -0.004 -12"><span class='ocrx_word' id='word_1_208' title='bbox 122 2232 175 2261; x_wconf 80' lang='lat'>21</span> <span class='ocrx_word' id='word_1_209' title='bbox 298 2216 362 2263; x_wconf 84' lang='lat' dir='ltr'>Pi</span> <span class='ocrx_word' id='word_1_210' title='bbox 367 2234 499 2263; x_wconf 87' lang='lat' dir='ltr'>oce11</span> <span class='ocrx_word' id='word_1_211' title='bbox 526 2228 687 2261; x_wconf 85' lang='lat' dir='ltr'>autem</span> <span class='ocrx_word' id='word_1_212' title='bbox 717 2213 859 2260; x_wconf 82' lang='lat' dir='ltr'>Alani</span> <span class='ocrx_word' id='word_1_213' title='bbox 890 2229 1037 2276; x_wconf 88' lang='lat' dir='ltr'>paene</span> <span class='ocrx_word' id='word_1_214' title='bbox 1067 2209 1176 2258; x_wconf 80' lang='lat' dir='ltr'>sunt</span> <span class='ocrx_word' id='word_1_215' title='bbox 1208 2228 1376 2258; x_wconf 87' lang='lat' dir='ltr'>omnes</span> <span class='ocrx_word' id='word_1_216' title='bbox 1419 2224 1466 2258; x_wconf 86' lang='lat' dir='ltr'>et</span> <span class='ocrx_word' id='word_1_217' title='bbox 1501 2212 1606 2275; x_wconf 85' lang='lat' dir='ltr'>pul-</span> 
     </span>
     <span class='ocr_line' id='line_1_31' title="bbox 194 2280 1606 2346; baseline -0.003 -14"><span class='ocrx_word' id='word_1_218' title='bbox 194 2285 329 2346; x_wconf 66' lang='lat' dir='ltr'>chii,</span> <span class='ocrx_word' id='word_1_219' title='bbox 362 2284 581 2331; x_wconf 80' lang='lat' dir='ltr'>crinibus</span> <span class='ocrx_word' id='word_1_220' title='bbox 603 2281 915 2330; x_wconf 81' lang='lat' dir='ltr'>mediociiter</span> <span class='ocrx_word' id='word_1_221' title='bbox 940 2281 1102 2341; x_wconf 80' lang='lat' dir='ltr'>flavis,</span> <span class='ocrx_word' id='word_1_222' title='bbox 1142 2280 1397 2327; x_wconf 87' lang='lat' dir='ltr'>oculorum</span> <span class='ocrx_word' id='word_1_223' title='bbox 1421 2293 1606 2344; x_wconf 83' lang='lat' dir='ltr'>tempe-</span> 
     </span>
     <span class='ocr_line' id='line_1_32' title="bbox 193 2349 1604 2411; baseline -0.004 -9"><span class='ocrx_word' id='word_1_224' title='bbox 193 2369 296 2404; x_wconf 82' lang='lat' dir='ltr'>rata</span> <span class='ocrx_word' id='word_1_225' title='bbox 328 2354 553 2401; x_wconf 85' lang='lat' dir='ltr'>torvitate</span> <span class='ocrx_word' id='word_1_226' title='bbox 587 2351 852 2411; x_wconf 80' lang='lat' dir='ltr'>terribiles,</span> <span class='ocrx_word' id='word_1_227' title='bbox 893 2364 940 2398; x_wconf 90' lang='lat' dir='ltr'>et</span> <span class='ocrx_word' id='word_1_228' title='bbox 972 2367 1219 2396; x_wconf 78' lang='lat' dir='ltr'>almolul‘n</span> <span class='ocrx_word' id='word_1_229' title='bbox 1254 2349 1443 2396; x_wconf 83' lang='lat' dir='ltr'>levitate</span> <span class='ocrx_word' id='word_1_230' title='bbox 1474 2350 1604 2396; x_wconf 88' lang='lat' dir='ltr'>velo-</span> 
     </span>
     <span class='ocr_line' id='line_1_33' title="bbox 195 2418 1604 2486; baseline -0.005 -15"><span class='ocrx_word' id='word_1_231' title='bbox 195 2442 301 2484; x_wconf 83' lang='lat' dir='ltr'>ces,</span> <span class='ocrx_word' id='word_1_232' title='bbox 338 2423 632 2486; x_wconf 84' lang='lat' dir='ltr'>Hunnisque</span> <span class='ocrx_word' id='word_1_233' title='bbox 659 2439 747 2485; x_wconf 87' lang='lat' dir='ltr'>per</span> <span class='ocrx_word' id='word_1_234' title='bbox 770 2419 931 2467; x_wconf 87' lang='lat' dir='ltr'>omnia</span> <span class='ocrx_word' id='word_1_235' title='bbox 964 2418 1219 2483; x_wconf 81' lang='lat' dir='ltr'>suppaies,</span> <span class='ocrx_word' id='word_1_236' title='bbox 1261 2434 1431 2464; x_wconf 87' lang='lat' dir='ltr'>verum</span> <span class='ocrx_word' id='word_1_237' title='bbox 1471 2418 1604 2465; x_wconf 88' lang='lat' dir='ltr'>victu</span> 
     </span>
     <span class='ocr_line' id='line_1_34' title="bbox 195 2460 1604 2554; baseline -0.005 -16"><span class='ocrx_word' id='word_1_238' title='bbox 195 2460 415 2539; x_wconf 84' lang='lat' dir='ltr'>mitiores</span> <span class='ocrx_word' id='word_1_239' title='bbox 439 2505 485 2538; x_wconf 82' lang='lat' dir='ltr'>et</span> <span class='ocrx_word' id='word_1_240' title='bbox 507 2491 666 2536; x_wconf 85' lang='lat' dir='ltr'>cultu:</span> <span class='ocrx_word' id='word_1_241' title='bbox 703 2489 760 2554; x_wconf 79' lang='lat'>¹²)</span> <span class='ocrx_word' id='word_1_242' title='bbox 781 2487 1117 2535; x_wconf 85' lang='lat' dir='ltr'>latrocinando</span> <span class='ocrx_word' id='word_1_243' title='bbox 1139 2500 1185 2533; x_wconf 91' lang='lat' dir='ltr'>et</span> <span class='ocrx_word' id='word_1_244' title='bbox 1208 2485 1429 2533; x_wconf 87' lang='lat' dir='ltr'>venando</span> <span class='ocrx_word' id='word_1_245' title='bbox 1463 2486 1604 2532; x_wconf 82' lang='lat' dir='ltr'>adus-</span> 
     </span>
    </p>
   </div>
   <div class='ocr_carea' id='block_1_3' title="bbox 194 2556 1603 2627">
    <p class='ocr_par' dir='ltr' id='par_1_8' title="bbox 194 2556 1603 2627">
     <span class='ocr_line' id='line_1_35' title="bbox 194 2556 1603 2627; baseline -0.006 -18"><span class='ocrx_word' id='word_1_246' title='bbox 194 2579 290 2627; x_wconf 84' lang='lat' dir='ltr'>que</span> <span class='ocrx_word' id='word_1_247' title='bbox 310 2560 554 2608; x_wconf 85' lang='lat' dir='ltr'>Maeotica</span> <span class='ocrx_word' id='word_1_248' title='bbox 570 2559 731 2623; x_wconf 79' lang='lat' dir='ltr'>stagna</span> <span class='ocrx_word' id='word_1_249' title='bbox 765 2572 812 2606; x_wconf 82' lang='lat' dir='ltr'>et</span> <span class='ocrx_word' id='word_1_250' title='bbox 844 2557 1162 2606; x_wconf 78' lang='lat' dir='ltr'>Cimmeiium</span> <span class='ocrx_word' id='word_1_251' title='bbox 1196 2556 1482 2620; x_wconf 80' lang='grc' dir='ltr'>Βο5Ρο1011,</span> <span class='ocrx_word' id='word_1_252' title='bbox 1528 2556 1603 2601; x_wconf 83' lang='lat' dir='ltr'>iti-</span> 
     </span>
    </p>
   </div>
   <div class='ocr_carea' id='block_1_4' title="bbox 591 2682 760 2690">
    <p class='ocr_par' dir='ltr' id='par_1_9' title="bbox 591 2682 760 2690">
     <span class='ocr_line' id='line_1_36' title="bbox 591 2682 760 2690; baseline 0 454"><span class='ocrx_word' id='word_1_253' title='bbox 591 2682 760 2690; x_wconf 95' lang='lat' dir='ltr'> </span> 
     </span>
    </p>
   </div>
   <div class='ocr_carea' id='block_1_5' title="bbox 237 2736 1599 2794">
    <p class='ocr_par' dir='ltr' id='par_1_10' title="bbox 237 2736 1599 2794">
     <span class='ocr_line' id='line_1_37' title="bbox 237 2736 1599 2794; baseline -0.008 -13"><span class='ocrx_word' id='word_1_254' title='bbox 237 2751 274 2793; x_wconf 81' lang='lat'>9)</span> <span class='ocrx_word' id='word_1_255' title='bbox 303 2746 371 2780; x_wconf 79' lang='grc' dir='ltr'>ΜΓ</span> <span class='ocrx_word' id='word_1_256' title='bbox 400 2747 692 2794; x_wconf 79' lang='lat' dir='ltr'>sarraclis.10)</span> <span class='ocrx_word' id='word_1_257' title='bbox 719 2744 787 2783; x_wconf 82' lang='lat' dir='ltr'>Ms.</span> <span class='ocrx_word' id='word_1_258' title='bbox 821 2744 1030 2780; x_wconf 72' lang='lat' dir='ltr'>educamur.</span> <span class='ocrx_word' id='word_1_259' title='bbox 1100 2743 1159 2787; x_wconf 85' lang='grc' dir='ltr'>ιι)</span> <span class='ocrx_word' id='word_1_260' title='bbox 1184 2739 1252 2775; x_wconf 81' lang='lat' dir='ltr'>Ms.</span> <span class='ocrx_word' id='word_1_261' title='bbox 1282 2736 1599 2787; x_wconf 53' lang='lat' dir='ltr'>multipliciplonm</span> 
     </span>
    </p>
   </div>
   <div class='ocr_carea' id='block_1_6' title="bbox 198 2792 648 2839">
    <p class='ocr_par' dir='ltr' id='par_1_11' title="bbox 198 2792 648 2839">
     <span class='ocr_line' id='line_1_38' title="bbox 198 2792 648 2839; baseline -0.002 -11"><span class='ocrx_word' id='word_1_262' title='bbox 198 2805 255 2839; x_wconf 56' lang='lat'>12)</span> <span class='ocrx_word' id='word_1_263' title='bbox 283 2795 324 2826; x_wconf 79' lang='lat' dir='ltr'>al</span> <span class='ocrx_word' id='word_1_264' title='bbox 327 2793 397 2827; x_wconf 73' lang='lat' dir='ltr'>,la</span> <span class='ocrx_word' id='word_1_265' title='bbox 426 2821 434 2827; x_wconf 88' lang='lat'>.</span> <span class='ocrx_word' id='word_1_266' title='bbox 465 2821 472 2827; x_wconf 89' lang='lat'>.</span> <span class='ocrx_word' id='word_1_267' title='bbox 503 2821 509 2827; x_wconf 90' lang='lat'>.</span> <span class='ocrx_word' id='word_1_268' title='bbox 540 2792 648 2827; x_wconf 77' lang='lat' dir='ltr'>audo.</span> 
     </span>
    </p>
   </div>
  </div>
 </body>
</html>
