1727 3144
215 114 217 116 ·
260 110 722 144 -coxs'rAN'rIUS
759 110 833 141 ΕΤ
868 110 1200 143 tuLiAxus.
1271 95 1388 164 357¹.
1468 118 1556 151 121

154 220 286 269 hune
308 220 544 268 intactum
568 218 682 267 ideo
706 219 1010 284 praeterisse,
1041 220 1178 286 quod
1195 223 1303 270 Deo
1330 225 1437 273 Soli
1459 227 1564 292 spe-

152 290 266 336 ciali
305 307 507 337 munere
549 288 828 350 dedicatus,
885 290 1270 353 fixusquetintra
1319 295 1564 345 ambitiosi

150 359 324 422 templi
349 358 579 419 delubra,
619 376 743 424 quae
765 358 987 422 contingi
1014 376 1114 406 non
1145 374 1397 425 poterant,
1440 377 1563 412 tam.

151 447 296 493 quam
328 447 450 491 apex
480 428 702 475 omnium
734 428 996 476 eminebat.
1076 429 1263 487 Verum
1292 432 1627 481 Constanti.13

146 515 239 544 nus
262 496 316 543 id
341 498 476 561 parvi
498 498 708 558 ducens,
751 495 964 544 avulsam
991 497 1119 544 hanc
1149 498 1333 546 'molem
1361 498 1568 551 sedibus-

145 566 267 627 suis‚
305 567 527 631 nihilque
548 566 856 613 committere
875 565 926 612 in
947 565 1235 629 religionem
1257 583 1387 617 recte
1407 571 1563 618 existi-

145 653 308 696 maus,
362 634 399 682 fi
428 636 645 683 ablatum
674 652 774 682 uno
810 635 996 698 templo
1042 637 1332 686 miraculum
1372 638 1561 688 Romae

143 702 376 765 sacraret,
392 702 460 750 'id
482 705 570 763 est,
600 705 649 749 in
671 703 854 768 templo
876 702 1049 750 mundi
1069 705 1243 766 totius,
1277 707 1436 756 iacere
1473 708 1560 757 diu

144 772 392 837 perpess'us
431 773 522 834 est,
570 771 689 819 dum
726 772 1035 820 translationi
1075 789 1361 838 pararentur
1401 778 1556 828 utilia.

144 841 261 897 Quo
281 849 528 890 *convecto
554 859 643 906 per
672 842 865 897 alveum
896 841 1028 903 Nili,
1078 843 1402 910 proiectoque
1443 848 1556 895 Ale-

144 909 401 971 xandriae,
441 911 576 958 navis
602 911 940 976 amplitudinis
967 911 1172 959 antehac
1201 913 1453 963 inufitatae
1482 935 1560 964 ae.

143 977 340 1027 dificata
398 980 492 1042 est,
563 978 653 1027 sub
677 981 933 1029 ·trecentis
988 981 1256 1045 remigibus
1311 983 1554 1047 agitanda.

142 1048 339 1105 Quibus
372 1049 437 1096 ita
469 1049 707 1113 provilis2
744 1048 1053 1115 digressoque
1081 1051 1179 1098 vita
1208 1052 1426 1120 principe
1457 1063 1623 1116 nie-14

138 1132 356 1179 morato,
396 1136 574 1182 urgens
606 1120 804 1166 effeetus
835 1119 1075 1184 intepuit:
1119 1120 1417 1186 tandemque
1446 1122 1555 1182 sero

140 1185 394 1251 impositus
419 1188 529 1234 navi
558 1206 638 1252 per
671 1189 822 1235 maria
848 1190 1130 1253 fluentaque
1162 1189 1394 1253 Tybridis
1423 1192 1558 1239 velut

138 1258 385 1319 paventis,
430 1274 517 1314 ne,
561 1256 698 1321 quod
730 1274 882 1320 paene
922 1257 1117 1320 ignotus
1155 1256 1350 1304 miserat
1392 1260 1555 1318 Nilus,

139 1322 243 1387 ipse
279 1342 452 1388 parum
493 1323 581 1370 sub
627 1339 810 1371 meatus
848 1324 918 1370 sui
963 1323 1247 1372 discrimine
1292 1329 1554 1377 moenibus

102 1429 106 1434 .
141 1393 350 1439 alumnis
399 1392 624 1454 inferret,
675 1391 893 1440 defertur
946 1393 997 1439 in
1051 1394 1212 1440 vicum
1267 1395 1553 1460 Alexandri,

139 1462 288 1508 tertio
320 1461 484 1525 lapide
513 1461 575 1508 ab
604 1461 727 1508 urbe
758 1459 1059 1508 seiunctum:
1115 1462 1263 1510 unde·
1284 1464 1553 1527 chamulcis

139 1529 422 1594 impolitus,
461 1544 741 1594 tractusque
767 1530 951 1589 lenius,
1006 1547 1094 1592 per
1134 1530 1404 1591 Ostiensem
1440 1554 1554 1599 por-

136 1613 235 1645 tam
261 1597 594 1663 piscinamque
617 1598 864 1661 publicam
884 1597 1018 1644 circo
1036 1598 1195 1644 illatus
1223 1600 1289 1646 est
1318 1604 1549 1652 maximo.

135 1669 252 1715 Sola
277 1667 382 1732 post
404 1666 523 1715 haec
548 1666 751 1714 restabat
773 1665 985 1722 erectio,
1029 1684 1152 1731 quae
1173 1667 1256 1726 vix
1281 1684 1364 1718 aut
1383 1690 1445 1721 ne
1469 1674 1547 1722 vix
1567 1681 1619 1727 ιδ

138 1739 339 1801 quidem
378 1735 663 1799 sperabatur
703 1734 836 1799 poIl'e
872 1735 1139 1799 compleri:
1194 1734 1234 1802 ⁶)
1276 1740 1549 1807 erectisque

134 1824 289 1869 usque
311 1805 582 1869 perieulum
605 1804 712 1851 altis
733 1803 954 1850 trabibus
968 1840 981 1864 ‚
1011 1817 1067 1851 ut
1087 1805 1424 1856 machinarum
1447 1829 1551 1859 cer-

135 1893 275 1922 neres
311 1891 507 1934 nemus,
553 1875 870 1921 innectuntur
900 1872 1016 1920 vasti
1047 1873 1188 1921 funes
1217 1889 1264 1923 et
1291 1877 1450 1942 longi,
1484 1881 1549 1934 ad

134 1943 346 2009 speciem
405 1942 755 2007 multiplicium
803 1941 1034 1993 liciorum
1082 1942 1272 1992 caelum
1315 1944 1550 1998 densitate

135 2013 287 2063 nimia
312 2012 640 2059 subtexentes:
678 2011 857 2076 quibus
880 2011 1136 2076 colligatus
1158 2032 1300 2061 mons
1322 2016 1422 2080 ipse
1448 2021 1548 2066 effi-

136 2082 290 2146 giatus
319 2080 618 2144 scriptilibus
652 2081 930 2138 elementis,
983 2081 1338 2149 paullatimque
1370 2086 1421 2132 id
1458 2105 1548 2150 per

136 2150 344 2197 arduum
379 2150 522 2195 inane
552 2163 833 2213 protentus,
879 2149 966 2196 diu
1007 2149 1229 2214 peufilis,
1282 2153 1547 2202 hominum

134 2219 353 2266 millibus
378 2219 544 2266 multis
572 2233 822 2284 tamquam
857 2219 1240 2268 molendinarias
1273 2223 1548 2271 rotantibus

133 2301 312 2348 metas,
356 2306 501 2334 cavea
531 2289 572 2351 ⁷)
600 2289 789 2335 locatur
820 2287 872 2333 iu
915 2286 1106 2350 media,
1134 2289 1300 2354 ‚eique
1341 2289 1547 2354 sphaera

134 2357 481 2421 superponitur
510 2356 548 2420 Β)
583 2355 791 2416 ahenea,
834 2356 991 2403 aureis
1017 2357 1211 2404 laminis
1230 2358 1417 2406 nitens:
1451 2379 1547 2425 qua

135 2425 391 2473 confestim
413 2425 459 2471 vi
482 2424 605 2488 ignis
625 2425 778 2472 divini
799 2438 1052 2483 contacta,
1095 2425 1309 2490 ideoque
1338 2427 1543 2491 sublata,

134 2494 253 2541 facis
289 2494 646 2541 imitamentum
681 2494 900 2558 infigitur
940 2512 1161 2555 aereum,
1213 2494 1385 2543 itidem
1426 2516 1545 2547 auro

137 2564 538 2624 imbracteatum‚
582 2563 714 2610 velut
742 2561 1239 2610 abundanti-flamma
1275 2564 1541 2615 candentis.

428 2655 708 2683 ...ὴ-.-

187 2727 226 2771 G)
256 2726 324 2761 Ms.
353 2726 559 2778 idestisque.
620 2731 656 2775 7)
684 2724 751 2760 ΜΓ.
780 2724 931 2762 locatus.
982 2730 1018 2766 8}
1055 2725 1105 2758 nl.
1137 2725 1264 2762 alienat
