1727 3144
263 118 536 152 VALENT.'
568 120 700 152 VAL.
738 122 812 152 ET
853 122 1161 155 GRATIAN.
1206 113 1321 171 575.
1429 116 1519 158 ὀξυ

112 225 289 274 didicit
308 227 435 275 casu.
507 229 590 276 Ad
619 231 991 294 provincialium
1026 231 1325 281 residuorum
1363 254 1517 283 exem·
1538 248 1562 289 3

107 298 249 359 plum
278 298 422 344 etiam
442 297 672 362 Epirotae
692 315 884 348 acturos
904 301 993 347 fibi
1019 301 1194 365 gratias
1216 320 1240 347 a
1270 306 1514 364 praesti-eto

109 365 304 412 mittere
326 368 562 431 compulsi
594 369 800 432 legatos,
848 369 1088 433 Iphiclem
1120 371 1379 434 quemdam
1414 374 1517 435 phi-

108 433 404 501 losophum,
465 436 731 501 spectatum
779 440 957 486 robore
995 440 1208 503 pectoris
1247 439 1514 502 hominem,

109 502 316 567 adegere
351 523 450 552 non
479 505 650 569 sponte
685 508 883 572 propria
918 526 1116 572 pergere
1152 507 1212 554 ad
1247 507 1299 555 id
1339 527 1514 555 munus

107 570 430 635 implendum.
507 575 606 631 Qui
627 595 739 622 cum
762 577 1114 640 Imperatorem
1137 575 1350 636 vidisset,
1387 578 1514 639 agni-
1533 600 1560 639 9

106 652 183 686 tus
212 641 546 708 adventusque
587 642 660 690 sui
699 644 889 692 causam
928 646 1275 708 interrogatus,
1329 646 1514 693 Graece

104 709 384 774 respondit:
421 726 566 774 atque
585 726 640 758 ut
663 712 988 776 philosophus
1016 714 1230 761 veritatis
1260 714 1511 777 professor,

104 793 368 841 quaerente
390 780 603 825 curatius
627 779 882 844 Principe,
914 780 950 826 fi
977 781 1054 840 hi,
1100 782 1185 845 qui
1215 780 1411 842 misere,
1454 800 1510 828 ex

100 846 266 892 animo
299 847 424 893 bene
457 847 670 894 sentiunt
704 847 765 895 de
798 850 1076 913 praefecto,
1129 864 1398 913 gementes,
1442 850 1512 895 in-

101 915 234 979 quit,
271 928 318 962 et
339 914 495 964 inviti.
568 916 683 972 Quo
707 917 789 965 ille
819 919 970 965 verbo
999 932 1248 983 tamquam
1270 919 1369 966 telo
1406 936 1510 982 per·
1533 937 1584 965 10

99 983 283 1044 qusuS,
314 999 449 1031 actus
473 985 576 1032 eius
598 999 650 1031 ut
672 984 810 1050 sagax
832 986 980 1034 bestia
1011 987 1300 1046 rimabatur,
1346 987 1511 1051 genui-

96 1069 163 1099 no
200 1053 568 1117 percunctando
599 1053 850 1115 sermone,
899 1073 1022 1120 quos
1060 1055 1356 1102 noscitabat:
1406 1055 1510 1101 ubi-

94 1139 210 1167 nam
237 1121 319 1169 ille
343 1121 457 1170 ess'et
478 1123 616 1170 verbi
637 1124 788 1185 gratia
805 1124 995 1172 honore
1020 1126 1054 1189 ⁵)
1081 1139 1190 1171 ante
1218 1124 1327 1171 suos
1357 1124 1509 1170 excel-

92 1190 198 1237 lens
230 1204 278 1238 et
310 1192 544 1253 nomine,
585 1193 662 1239 vel
700 1192 782 1239 ille
822 1192 985 1253 dives,
1028 1207 1110 1240 aut
1157 1194 1276 1239 alius
1318 1192 1504 1240 ordinis

95 1260 301 1323 primns.
330 1309 332 1312 ,
376 1262 599 1324 Cumque
628 1260 835 1310 disceret
866 1261 1034 1326 perisse
1067 1263 1279 1326 aliquem
1310 1262 1507 1325 laqueo,

94 1326 243 1375 abiffe
263 1329 412 1376 alium
434 1343 564 1376 trans
587 1348 742 1391 mare,
774 1330 1054 1378 conscivisse
1084 1331 1175 1377 fibi
1202 1331 1349 1376 alium
1382 1347 1507 1375 mor-

95 1404 229 1457 tem,
249 1413 330 1444 aut
350 1399 556 1462 plumbo
575 1399 672 1446 vita
692 1414 856 1463 erepta
876 1399 1158 1446 exstinctum
1175 1418 1184 1445 :
1224 1399 1276 1445 in
1305 1400 1508 1444 immen-

94 1464 200 1513 sum
224 1467 508 1529 excanduit,
540 1482 711 1515 urente
734 1469 915 1515 irarum
939 1470 1234 1515 nutrimenta
1263 1481 1379 1513 tunc
1408 1466 1510 1512 offi-

94 1535 288 1582 ciorum
314 1536 538 1600 magistro
582 1537 778 1598 Leone,
829 1555 919 1601 pro
957 1538 1113 1583 nefas!
1165 1534 1271 1600 ipso
1308 1552 1507 1599 quoque

94 1605 478 1667 praefecturam,
522 1619 578 1652 ut
609 1624 633 1652 e
664 1606 864 1653 celsiore
907 1606 1112 1668 scopulo
1153 1604 1374 1664 caderet,
1428 1600 1510 1648 ad-

93 1673 334 1720 sectante:
376 1693 522 1738 quam
543 1673 577 1720 fi
602 1674 806 1738 adeptus
829 1675 1039 1734 rexiss‘et,
1089 1691 1199 1737 prae
1233 1673 1336 1733 his,
1385 1688 1506 1735 quae

96 1755 196 1788 erat
252 1741 475 1808 ausurus,
534 1742 886 1791 administratio
942 1743 1096 1790 Probi
1162 1743 1407 1790 serebatur
1458 1739 1510 1784 in

96 1811 313 1863 caelum⁸>

193 1881 359 1944 Agens
386 1881 552 1945 itaque
587 1878 719 1944 apud
756 1880 1056 1927 Carnuntum
1086 1878 1388 1941 Imperator,
1424 1893 1511 1939 per
1534 1895 1576 1921 ιι

93 1948 354 1996 continuos
382 1963 478 1996 tres
506 1947 693 1996 menses
721 1948 926 1994 aestivos
963 1965 1093 1992 arma
1124 1946 1325 2009 parabat
1354 1958 1401 1992 et
1432 1944 1512 1990 ali-

90 2031 286 2078 menta,
325 2015 360 2064 fi
390 2035 485 2082 qua
519 2017 620 2063 fors
649 2014 978 2075 secundaffet,
1020 2013 1299 2078 pervasurus
1333 2030 1512 2076 oppor-

96 2099 214 2133 tune
243 2085 472 2145 Quados,
524 2085 762 2132 tumthus
799 2083 975 2130 atrocis
1013 2097 1260 2129 auctores:
1319 2082 1370 2127 in
1409 2097 1508 2144 quo

98 2153 287 2219 oppido
317 2154 594 2213 Faustinus,
637 2153 768 2199 filius
805 2151 983 2198 sororis
1024 2150 1234 2210 Iuventii
1276 2148 1510 2212 praefecti

97 2222 378 2288 praetorio,
429 2222 645 2268 notarius
676 2221 916 2281 militans,
957 2219 1124 2266 Probo
1156 2216 1400 2281 spectante
1430 2235 1510 2264 ne-

97 2292 311 2356 gotium,
342 2290 585 2338 carnificis
609 2307 758 2336 manu
779 2302 1058 2354 peremptus
1085 2287 1150 2336 est
1172 2286 1275 2350 post
1298 2301 1514 2332 tormen-

97 2374 168 2407 ta:
203 2374 402 2408 vocatus
423 2360 473 2406 in
495 2359 705 2417 crimen,
738 2358 875 2421 quod
905 2357 1085 2404 alinum
1120 2354 1347 2402 occidisse
1384 2353 1514 2401 dice-

99 2430 244 2477 batur
286 2427 348 2475 ad
380 2427 521 2475 usum
556 2427 733 2473 artium
769 2426 1084 2485 secretarum,
1134 2437 1189 2469 ut
1228 2423 1515 2470 adserebant

101 2497 305 2563 quidam
323 2511 549 2544 uroentes
569 2513 579 2542 t
614 2510 668 2542 ut
691 2504 871 2556 [autem
897 2495 1055 2541 aiebat
1076 2494 1176 2549 ille,
1215 2491 1277 2539 ad
1297 2491 1514 2538 imbecil-

99 2566 290 2619 litatem
346 2534 639 2613 fii3mandam
686 2566 961 2626 fluentium]
1010 2563 1314 2626 capillorum.
1395 2560 1512 2607 Alio
1540 2578 1588 2606 12

606 2675 676 2685 -ρ

153 2731 198 2778 5)
227 2730 295 2765 Mt.
327 2740 407 2765 ante
429 2728 522 2764 suos.
