1727 3144
254 138 277 146 -ν

218 141 313 182 408
440 150 719 183 annixam
764 150 1144 181 manentum-1
1174 151 1329 194 xxvu,
1369 134 1414 180 5.

222 253 475 309 censorum
516 259 818 309 iracundiam
859 277 1128 325 pauperum
1155 261 1196 324 ⁴)
1231 259 1403 307 damna
1446 259 1626 308 deflen-

224 331 346 377 tium
364 330 533 377 crebra
555 348 694 393 aegre
720 329 877 393 potuit
895 330 1042 376 celeri
1061 329 1212 376 vitare
1239 328 1461 393 digressii.

166 419 210 445 it
318 398 534 447 Advenit
553 397 787 446 success'or
811 397 912 445 eius
932 416 989 445 ex
1011 398 1278 463 quaefitore
1303 399 1467 462 palatii
1486 398 1522 462 ⁵)
1549 397 1630 445 Iu-

229 468 444 525 ventius,
469 467 655 530 integer
677 480 722 515 et
750 465 987 532 prudens,
1016 467 1331 514 Pannonius:
1381 467 1520 513 euius
1551 466 1631 512 ad-

231 536 516 583 ministratio
569 535 729 601 quieta
775 536 868 582 fuit
918 549 963 583 et
1004 534 1216 599 placida,
1282 536 1422 599 copia
1471 553 1632 582 rerum

236 606 453 651 omnium
476 607 647 652 fluens.
726 605 788 652 Et
820 605 951 651 huno
987 622 1186 669 quoque
1209 603 1529 651 discordantis
1553 621 1636 667 po-

233 674 339 736 puli
365 672 626 722 seditiones
661 688 874 722 terruere
906 688 1161 732 eruentae,
1207 692 1348 736 quae*¹
1365 674 1457 720 tale
1491 690 1639 735 nego-

178 754 227 787 12
240 741 357 788 tium
389 743 671 790 excitavere.
762 741 995 790 Damasus
1019 755 1066 789 et
1090 741 1284 788 Urliuus
1304 740 1442 806 supra
1473 741 1641 787 huma-

240 829 363 857 num
398 810 602 858 modum
634 810 696 857 ad
725 809 1007 874 rapiendam
1039 808 1343 874 episcopatus
1382 809 1542 856 sedem
1573 828 1643 856 ar-

245 878 437 940 dentes,
464 878 607 927 sciffis
628 879 793 927 studiis
813 879 1071 942 asperrime
1094 878 1524 939 conflictabantur,
1561 878 1644 924 ad-

245 965 399 1010 usque
441 947 610 994 mortis
648 948 1002 1010 vulnerumque
1040 945 1318 993 discrimina
1353 946 1644 994 adiumentis

246 1015 500 1079 utriusque
521 1010 809 1078 ¹progressis:
854 1032 976 1079 quae
1010 1032 1098 1061 nec
1131 1015 1371 1078 corrigere
1407 1015 1644 1063 sufficiens

248 1082 500 1129 Iuventius
528 1099 617 1129 nec
653 1083 870 1143 mollire,
912 1096 1108 1130 coactus
1140 1082 1188 1129 vi
1210 1101 1377 1146 magna
1400 1082 1576 1131 secessit
1596 1085 1649 1131 in

187 1149 596 1198 13subu1·ba1m1n.
675 1151 736 1198 Et
759 1151 808 1197 in
838 1151 1201 1197 concertatione
1228 1150 1527 1214 superaverat
1558 1154 1651 1199 Da-

249 1218 434 1281 masus,
463 1233 624 1285 parte,
654 1238 778 1285 quae
807 1219 850 1267 ei
879 1220 1096 1280 favebat,
1137 1218 1353 1267 instante.
1443 1222 1655 1269 Constat-

250 1304 344 1352 que
365 1288 417 1334 in
439 1289 628 1336 bafilica
651 1288 885 1348 Sicinini,
912 1288 999 1336 ubi
1024 1288 1143 1349 ritus
1171 1288 1428 1336 Christiani
1449 1289 1514 1336 est
1539 1308 1654 1337 con-

252 1357 550 1406 venticulum
565 1395 578 1419 ‚
605 1376 706 1405 uno
730 1358 809 1405 die
831 1372 1027 1405 centum
1047 1356 1242 1422 triginta
1264 1356 1445 1421 septem
1466 1368 1656 1423 reperta

253 1424 487 1474 cadavera
524 1429 915 1493 peremptorum:
970 1427 1313 1492 efferatamque
1342 1426 1428 1473 diu
1460 1426 1657 1492 plebem

256 1511 394 1558 aegre
417 1495 578 1559 postea
605 1495 883 1543 delenitam.

194 1578 245 1630 14
328 1563 503 1628 Neque
533 1582 622 1628 ego
652 1565 829 1626 abnuo,
868 1565 1242 1613 ostentationem
1265 1583 1423 1612 rerum
1446 1563 1660 1612 conlide-

259 1649 367 1678 rans
400 1633 717 1694 urbanarum,
789 1635 932 1681 huius
964 1634 1033 1680 rei
1060 1633 1266 1697 cupidos
1301 1635 1364 1682 ob
1401 1634 1661 1697 impetran-

262 1699 404 1762 dum,
456 1701 591 1766 quod
623 1702 882 1767 adpetunt,
937 1703 1070 1749 omni
1108 1703 1423 1750 contentione
1458 1703 1661 1750 lateium

261 1767 442 1831 iun-gaii
469 1770 673 1818 debere:
711 1791 821 1818 curn
844 1771 896 1818 id
919 1770 1107 1835 adepti,
1138 1772 1290 1818 futuii
1317 1771 1407 1820 sint
1438 1771 1505 1817 ita
1532 1770 1662 1818 secu-

264 1853 330 1894 ιι,
375 1851 430 1882 ut
459 1837 674 1886 ditentur
713 1841 1044 1887 oblationibus
1087 1854 1442 1900 mationarum,
1495 1857 1664 1903 proce-

263 1902 477 1968 dantque
510 1907 744 1954 vehiculis
772 1908 1056 1968 inlidentes,
1111 1908 1458 1971 ciicumfpecte
1491 1907 1665 1964 vestiti,

265 1973 429 2035 epulas
457 1988 677 2020 cuiantes
710 1975 957 2038 pmfnfas,
1000 1975 1123 2022 adeo
1156 1989 1211 2022 ut
1239 1993 1407 2022 eoium
1440 1976 1664 2023 convivia

200 2042 445 2103 15=·egales
474 2042 701 2106 superent
732 2042 928 2089 mensas.
1026 2042 1125 2099 Qui
1155 2042 1246 2090 effe
1279 2057 1502 2108 poterant
1535 2045 1666 2092 beati

265 2127 455 2170 revera,
492 2109 529 2156 fi
558 2111 891 2174 magnitudine
918 2111 1053 2157 urbis
1083 2110 1332 2175 despecta,
1369 2113 1676 2176 quaniyitiis‘

267 2192 552 2242 opponunt,
593 2178 655 2226 ad
687 2179 1007 2226 imitationem
1042 2179 1303 2227 antistitum
1339 2181 1666 2245 quonumdam

265 2246 639 2312 pnovincialium
675 2247 912 2295 viverent:
960 2266 1082 2312 quos
1127 2250 1329 2295 tenuitas
1363 2250 1538 2296 edendi
1582 2268 1668 2314 po-

267 2313 502 2380 tandique
538 2315 828 2380 parcillime,
876 2316 1030 2365 vilitas
1064 2318 1207 2363 etiam
1249 2317 1664 2395 induunt-momin,

266 2397 314 2431 et
347 2382 602 2448 lupeicilia
632 2384 834 2432 humum
861 2383 1146 2449 spectantia,
1202 2401 1434 2450 perpetuo
1477 2387 1665 2435 numini

269 2452 493 2516 verisque
528 2453 629 2500 eius
666 2454 935 2500 cultoribus
982 2469 1035 2500 ut
1065 2473 1211 2518 puros
1246 2456 1588 2501 commendant
1619 2469 1666 2502 et

267 2521 584 2569 verecundos.
665 2522 908 2570 Hactenus
936 2521 1138 2573 deviall'e
1171 2523 1395 2585 sufficiet,
1444 2542 1570 2571 nunc
1603 2523 1667 2572 ad

267 2606 428 2637 rerum
450 2589 646 2639 ordines
676 2605 982 2640 revertamur,

312 2754 353 2794 1¹1}
382 2754 425 2787 -ι-(ὶ
452 2753 590 2787 damna
615 2754 708 2801 vulg.
739 2755 847 2792 deest.
897 2759 940 2799 5)
968 2759 1034 2792 Hs.
1065 2761 1278 2795 Iuventius,
1309 2767 1341 2790 et
1371 2757 1417 2790 ita
1445 2757 1546 2790 infra.
