1727 3144
250 202 678 234 CONSTANTIL'S
722 201 794 230 ‘s-:T
836 201 1147 233 117111ANU5.
1221 192 1334 235 561.
1420 192 1515 236 253

102 311 324 362 randum.
410 312 720 363 Constructas
749 309 1096 363 veloci'studio
1128 311 1311 373 ligneas
1342 328 1513 371 turres³
1539 331 1564 370 9

99 381 480 448 propugnaculis
499 382 710 429 hostium
733 380 972 441 celfiores,
1005 379 1282 446 imposuere
1303 382 1516 443 trigemi-

100 451 175 498 nis
196 453 401 499 navibus
423 452 462 516 ⁹)
486 452 626 499 valde
650 450 1024 503 fibixeonnexis:
1048 450 1227 516 quibus
1250 450 1514 499 infifientes

33 528 45 534 ‘
99 521 300 582 armati,
344 539 444 568 uno
475 521 676 585 parique
702 519 876 568 ardore
897 521 1230 584 prohibitores
1255 519 1515 583 dispellere

97 591 287 637 collatis
312 609 369 637 ex
388 590 670 654 propinquo
693 589 882 637 viribus
905 589 1210 637 nitebantur:
1253 589 1515 653 subterque

99 658 315 723 expediti
344 660 512 706 velites
550 678 576 706 a
607 659 814 705 turrium
851 661 1068 706 cavernis
1099 658 1290 721 egressi,
1327 657 1517 704 iniectis

97 726 389 791 ponticulis,
424 733 547 790 q'uos
566 740 676 773 ante
697 728 1124 789 compagium-ant,
1159 726 1427 791 transgredi
1454 728 1519 773 fe-

97 796 333 847 stinarunt
364 794 583 843 indiviso.
606 795 807 859 negotio
826 812 839 840 s:
877 809 946 855 ut,
978 796 1095 844 dum
1117 796 1318 844 vicissim
1341 795 1522 842 miffili-

98 865 190 911 bus
220 863 267 912 se
299 877 474 929 petunt
503 877 550 911 et
571 862 692 911 saxis
713 865 1100 928 utrimqueleeus
1124 866 1217 912 alte
1239 866 1412 926 locati,
1444 865 1519 922 hi,

98 933 184 1010 qui
215 934 449 984 transiere
475 950 564 996 per
591 947 794 997 pontes,
828 935 997 981 nullo
986 935 1335 1000 lnterpellante
1351 933 1519 981 aedifi-

97 1003 168 1052 cii
193 1017 330 1068 paite
363 1001 621 1063 convulsa,
664 1003 866 1050 aditus
854 1022 904 1048 m
940 1006 996 1069 ¹⁰)
1033 1004 1299 1069 penetralia
1342 1003 1519 1051 lesera-

95 1085 217 1120 ient
290 1072 476 1120 Iterum
497 1070 684 1119 summa
702 1072 865 1137 coepti
885 1073 1139 1138 prudentis
1163 1073 1392 1121 aliorsum
1416 1090 1520 1120 eva·
1543 1087 1593 1114 10

95 1139 166 1188 Iit.
241 1142 367 1189 Cum
399 1142 528 1205 enim
567 1141 925 1189 adventarent
913 1162 1011 1189 iam
1042 1158 1223 1203 ttureS,
1275 1142 1515 1190 contortis

96 1211 335 1258 malleolis
376 1206 689 1258 madentibus
735 1212 870 1275 pice,
943 1212 1180 1259 arundine
1228 1211 1514 1276 quinetiam,

94 1278 347 1327 sarmentis
368 1297 422 1326 ac
443 1280 578 1327 vario
607 1280 783 1327 fomite
800 1283 1103 1327 flammarum
1141 1280 1527 1327 incelsebantur.'

98 1351 240 1412 Quae
264 1348 497 1411 quoniam
516 1347 754 1396 ‚incendio
780 1349 926 1395 celeri
942 1385 954 1407 ,
997 1349 1400 1414 ponderibusque
1424 1362 1517 1408 tre-

94 1416 211 1481 pide
234 1415 605 1479 superstantium
627 1417 884 1463 inclinatae
909 1416 1227 1479 prociderunt
1244 1419 1294 1463 in
1315 1422 1515 1476 flumen,

95 1499 395 1533 armatorum
415 1485 568 1549 aliqui
589 1502 677 1549 per
696 1503 860 1532 earum
883 1487 1060 1549 fastigia
1083 1486 1364 1547 interibant,
1402 1487 1517 1534 emi-

100 1573 190 1601 nus
223 1555 405 1602 confixi
437 1555 704 1601 tormentis.
786 1554 921 1600 luter
948 1572 1070 1618 quae
1093 1554 1306 1602 destituti
1329 1555 1516 1618 pedites
1542 1570 1590 1596 11

97 1623 206 1688 post
234 1624 479 1671 navalium
510 1622 754 1669 sociorum
785 1622 1035 1682 occasum,
1068 1624 1238 1675 obtriti
1259 1622 1369 1670 sunt
1391 1623 1516 1671 saxis

96 1693 422 1748 immanibus,
467 1704 657 1755 praeter
690 1708 896 1755 paucos,
937 1708 1062 1754 quos
1088 1692 1253 1739 mo1ti
1255 1691 1518 1761 ¹¹)fcilicet

96 1780 186 1826 ·per
226 1759 465 1824 impedita
506 1758 710 1824 suffugia
758 1760 991 1808 velocitas
1031 1775 1278 1809 exemerat
1314 1761 1514 1826 pedum.

96 1831 181 1879 Ad
207 1831 436 1877 ultimum
467 1830 731 1877 certamine
769 1829 831 1895 ¹²)
869 1843 1118 1892 pxotracto
1154 1831 1204 1878 in
1247 1831 1513 1896 vesperam,

75 1897 309 1964 ,datoque
337 1898 473 1963 ligno
509 1897 609 1964 ¹³)
595 1916 645 1946 1n
680 1913 931 1963 receptum
966 1917 1022 1946 ex
1054 1917 1218 1961 moze,
1267 1901 1414 1947 ambo
1445 1900 1518 1946 di-

96 1968 235 2033 greffi
266 1967 365 2016 diei
377 1935 639 2017 ²:refid'uum
672 1967 845 2014 animis
879 1986 1019 2032 egere
1041 1968 1334 2034 disparibus,
1405 1969 1516 2016 Mn-
1540 1988 1592 2017 12

94 2038 314 2085 nitorum
335 2037 466 2085 enim
488 2055 757 2098 maerores,
811 2038 980 2085 funera
1003 2039 1272 2103 lugentium
1295 2040 1514 2103 proptia,

93 2107 432 2172 prohibitores
451 2107 583 2171 l'pe
571 2125 665 2154 iam
697 2105 1004 2171 superandi¹
1009 2109 1048 2171 4)
1077 2109 1363 2169 firmabant,
1400 2108 1515 2153 licet

97 2175 188 2239 ipfi
209 2194 409 2241 quoque
431 2194 614 2240 paucos
643 2178 900 2240 gemebant
923 2178 975 2242 ¹⁵)
1001 2177 1209 2224 amifffys.
1280 2177 1516 2240 Propera-

94 2244 239 2291 batur
261 2259 421 2292 tamen
446 2243 793 2293 nihilominus:
829 2260 877 2293 et
892 2260 1127 2311 quantum
1151 2245 1426 2292 recreandis
1448 2245 1516 2302 vi·
1570 2243 1572 2245 ’

96 2314 240 2360 ribus¹
265 2315 428 2378 quiete
450 2328 496 2361 et
523 2315 638 2361 cibo
659 2314 768 2362 satis
791 2316 909 2378 fuit,
946 2316 1132 2362 tributo
1157 2334 1244 2379 per
1262 2314 1420 2360 noetis
1442 2312 1514 2358 in-

94 2398 257 2447 tegrae
283 2382 508 2446 spatium,
535 2397 785 2447 reparatur
806 2385 928 2431 lueis
952 2385 1153 2431 exordio
1177 2381 1419 2446 proelium
1440 2381 1512 2427 in-

95 2452 362 2500 citamento
403 2453 646 2499 tubarum.
763 2453 824 2500 Et
867 2453 1067 2517 quidam
1101 2452 1236 2498 elatis
1268 2450 1412 2516 super
1433 2469 1510 2497 ca·-
1533 2452 1588 2498 15

93 2521 196 2584 pita
227 2520 396 2583 scutis,
440 2536 494 2568 ut
527 2522 787 2586 pugnaturi
813 2523 966 2571 levius
979 2559 992 2584 ,
1036 2522 1117 2568 alii
1152 2520 1382 2569 vehentes
1420 2520 1511 2567 hu-

142 2728 185 2774 9)
211 2727 280 2763 ΜΓ.
308 2727 426 2765 valde.
487 2735 542 2772 ιο)
573 2728 641 2763 ΜΓ.
682 2728 882 2777 penetralia
901 2754 1138 2764 ........
1166 2727 1371 2765 reserarent.
1449 2731 1511 2775 n)

97 2772 150 2807 al.
178 2772 276 2809 licet.
329 2782 385 2818 12)
415 2777 468 2812 al.
494 2776 689 2824 producto.
742 2779 798 2824 13)
830 2777 881 2813 al
912 2776 1086 2822 receptui.
1140 2778 1204 2822 1'4)
1230 2775 1297 2811 ΜΓ.
1325 2775 1505 2811 ssammab

102 2822 162 2865 15)
187 2820 251 2856 Ms.
282 2822 429 2856 amicos
