1727 3144
245 157 321 188 DE
353 142 1076 188 onoACR‘nTnEonnsslco
1108 156 1237 187 E'sc.
1368 137 1464 185 625

168 265 363 314 Deinde
394 266 524 314 sexto
553 266 716 315 mense
742 271 997 315 {revertens
1037 265 1338 321 Ravennam,
1382 264 1545 318 31ἰ37ο

68 350 291 396 germana
344 334 424 383 sua
469 336 780 400 Amalabirga
827 335 1019 383 tradens
1055 335 1108 380 in
1157 333 1468 380 matrimonio

66 401 427 451 Herminifrido
459 407 559 468 regi
595 404 950 468 Toringorum:
994 417 1040 451 et
1069 401 1133 449 fic
1165 403 1235 448 ibi
1269 420 1352 465 per
1377 401 1468 448 cir-

67 472 254 519 cuitum
280 474 459 537 placuit
478 475 702 521 omnibns
725 475 964 537 gentibus.
1043 472 1157 518 Erat
1187 472 1315 518 enim
1347 488 1471 515 ama-

67 552 147 586 tor
197 543 517 604 fabricarum,
575 558 622 590 et
674 543 960 590 restaurator
1015 541 1281 588 civitatum.
1376 538 1468 584 Hic
1488 554 1538 596 71

63 611 421 672 aquaeductum
448 612 702 660 Ravennae
731 611 1037 670 restauravit,
1069 627 1213 674 quem
1245 609 1471 673 princeps

67 676 306 727 Traianus
327 682 531 742 fecerat,
571 696 617 728 et
639 681 745 744 post
765 681 917 728 multa
946 693 1167 742 tempora
1199 695 1372 742 aquam
1401 677 1472 721 in-

67 747 313 795 troduxit:
350 752 585 797 Palatium
606 766 759 813 usque
781 748 843 794 ad
866 749 1135 810 perfectum
1161 747 1292 804 fecit,
1325 762 1474 808 quem

69 831 173 861 non
223 818 501 864 dedicavit:
548 816 743 879 Portica
791 815 920 861 circa
968 814 1200 878 palatium
1252 812 1471 876 perfecit.

45 932 47 936 ,
72 883 200 930 Item
220 885 446 933 Veronae
464 884 693 943 thermas,
723 896 770 929 et
791 883 1022 945 palatium
1046 882 1184 927 fecit:
1221 895 1267 927 et
1286 899 1312 926 a
1334 894 1476 944 porta

71 963 227 1017 usque
259 953 318 999 ad
359 953 592 1016 palatium
629 950 876 1016 po'rticum
913 950 1156 998 reddidit:
1216 947 1479 1014 Aquacdu-

44 1065 46 1067 .
71 1034 233 1081 ctum,
278 1022 415 1087 quod
443 1022 594 1067 multa
624 1034 843 1084 tempora
872 1015 1169 1068 destructum
1189 1018 1368 1078 fuerat,
1406 1034 1479 1064 re-

72 1090 296 1151 novavit,
345 1105 392 1138 et
420 1109 594 1155 aquam
627 1084 909 1136 introinilit:
962 1089 1134 1136 Muros
1166 1088 1285 1135 alios
1321 1103 1477 1133 novos

72 1157 249 1206 circuit
269 1159 530 1207 civitatem.
601 1160 725 1206 Item
755 1158 996 1206 Ticenum
1021 1157 1286 1217 Palatium,
1322 1155 1481 1202 Ther-

72 1245 199 1288 maS‚
232 1228 681 1292 Amphitheatrum‚
719 1241 766 1274 et
790 1228 909 1274 alios
930 1244 1094 1274 muros
1112 1225 1321 1272 civitatis
1344 1224 1476 1270 fecit.

74 1295 177 1343 Sed
206 1311 253 1344 et
284 1315 370 1361 per
400 1298 514 1344 alias
541 1297 761 1344 civitates
789 1298 940 1344 multa
971 1295 1205 1344 beneficia
1229 1293 1476 1357 praestitit.
1496 1295 1556 1343 72

75 1365 160 1412 Sic
198 1366 327 1413 enim
356 1366 622 1414 oblectavit
653 1365 835 1413 vicinas
867 1380 1059 1430 gentes,
1114 1377 1169 1410 nt
1199 1361 1245 1410 se
1279 1363 1352 1408 illi
1390 1361 1478 1407 sub

75 1433 253 1481 foedus
285 1435 479 1496 darent,
510 1434 600 1481 fibi
631 1452 740 1481 eum
780 1453 940 1498 regem
975 1434 1234 1497 sperantes.
1317 1430 1482 1493 Nego-

75 1503 250 1552 tiantes
276 1523 390 1553 vero
413 1505 473 1551 de
496 1502 691 1551 diverfis
713 1504 976 1568 provinciis
1004 1503 1065 1549 ad
1094 1500 1251 1565 ipsum
1279 1517 1484 1547 concur-

79 1573 266 1620 rebant.
349 1574 533 1621 Tantae
565 1573 692 1620 enim
725 1571 1007 1638 disciplinae
1040 1571 1158 1631 fuit,
1196 1582 1278 1626 ut,
1309 1568 1345 1615 li
1374 1567 1482 1631 quis

78 1643 235 1688 voluit
265 1643 316 1689 in
346 1661 461 1708 agro
492 1642 579 1690 suo
616 1657 866 1705 argentum
898 1643 976 1688 vel
1006 1658 1176 1687 aurum
1219 1637 1482 1696 dimittere,

81 1729 138 1758 ac
168 1711 204 1758 fi
236 1712 361 1760 intra
391 1730 556 1760 muros
594 1712 800 1758 civitatis
843 1710 979 1771 esset,
1022 1710 1088 1755 ita
1119 1707 1481 1755 existimaretur.

80 1780 144 1828 Et
173 1780 269 1829 hoc
303 1800 388 1846 per
423 1795 577 1829 totam
616 1781 801 1827 Italiam
840 1780 1095 1842 augurium
1133 1774 1377 1832 hahebat,
1430 1787 1484 1819 ut
1501 1776 1560 1833 73

81 1851 203 1897 nulli
235 1852 420 1899 civitati
453 1865 615 1915 portas
648 1850 853 1896 faceret:
901 1867 991 1896 nec
1020 1848 1071 1892 in
1096 1845 1289 1891 civitate
1317 1856 1485 1907 portae

81 1919 462 1967 claudebantur:
514 1920 621 1984 quis
663 1917 799 1983 quod
837 1936 959 1981 opus
1001 1915 1216 1963 habebat
1257 1912 1486 1970 faciebat,

83 2005 177 2051 qua
196 1989 317 2036 hora
338 1990 483 2035 vellet
505 2007 559 2035 ac
583 1987 614 2033 fi
635 1987 684 2033 in
707 1986 802 2034 die.
873 1986 1130 2047 Sexaginta
1154 1979 1347 2028 modios
1368 1978 1489 2025 triti-

83 2057 129 2103 ci
151 2057 202 2102 in
221 2056 431 2104 solidum
449 2056 596 2120 ipfius
618 2071 840 2119 tempore
863 2055 1059 2102 fuerunt
1072 2088 1084 2113 7
1127 2064 1174 2097 et
1203 2050 1372 2097 vinum
1405 2047 1488 2094 tri-

85 2125 217 2190 ginta
238 2125 498 2189 amphoras
517 2125 569 2170 in
586 2123 813 2171 solidum.

184 2268 377 2316 Eodem
393 2267 557 2331 itaque
575 2280 795 2330 tempore
827 2263 1038 2312 habebat
1063 2258 1329 2310 Anastasius
1361 2262 1486 2322 Imp.
1504 2267 1561 2324 74

85 2349 181 2384 tres
212 2352 439 2402 nepoteS,
473 2336 528 2384 id
561 2336 626 2383 est
657 2335 971 2400 Pompeium,
1017 2332 1262 2389 Probum,
1311 2342 1358 2375 ct
1389 2328 1490 2392 Hy-

88 2408 302 2470 patium:
341 2407 585 2471 cogitans,
616 2423 763 2471 quem
785 2403 844 2452 de
868 2402 977 2466 ipfis
1000 2401 1179 2447 faceret
1204 2396 1308 2462 post
1327 2396 1373 2443 se
1400 2397 1488 2442 im-

88 2491 392 2540 peratorem,
435 2475 645 2541 quadam
675 2473 753 2521 die
781 2472 906 2519 iussit
935 2468 1209 2517 cossccum
1232 2465 1488 2530 prandere,

92 2559 140 2590 et
167 2546 291 2594 intra
322 2546 552 2611 palatium
583 2544 688 2608 post
722 2540 977 2606 prandium
1006 2536 1279 2595 meridiari,
1325 2549 1371 2581 ct
1402 2534 1490 2579 lin-

93 2615 200 2676 gula
220 2616 340 2662 lecta
367 2615 432 2663 eis
456 2614 615 2661 sterni.
686 2613 748 2658 Et
768 2612 817 2657 in
838 2627 935 2656 nno
958 2609 1084 2654 lecto
1107 2605 1232 2651 inssiz
1252 2602 1310 2648 ad
1331 2603 1490 2666 capite

95 2702 295 2748 regnum
318 2685 459 2748 poni,
494 2698 540 2730 et
562 2683 670 2746 quis
692 2680 750 2728 de
774 2679 885 2743 ipsis
908 2678 956 2722 in
977 2676 1152 2723 eodem
1172 2675 1301 2719 lecto
1331 2671 1496 2734 elegis-

97 2751 162 2800 sct
215 2755 454 2815 dormire,
502 2753 551 2798 in
588 2752 684 2798 hoc
730 2749 776 2797 sc
827 2748 1004 2794 debere
1052 2740 1368 2807 c<,›gnosccrc‚
1413 2740 1492 2786 cui
