1727 3144
349 153 992 186 VALENT1N1ANcs.
1065 141 1179 186 564.
1414 144 1514 204 409

100 261 227 308 tium
246 263 552 324 confutatu8‚
593 261 887 328 supplicium
907 261 1170 310 redimeret
1198 263 1360 326 opima
1387 283 1510 314 mer-

107 330 251 393 cede3
299 345 354 378 ut
380 332 600 379 crebrior
630 334 753 379 fama
787 332 1019 397 vulgarat.
1103 332 1251 396 Isque
1281 332 1381 395 ipse
1410 335 1508 383 hoc
1531 341 1560 386 5

107 404 308 463 genere,
351 419 450 466 quo
484 402 666 448 iactum
699 402 788 464 est,
825 401 1098 461 absolutuS,
1134 419 1247 447 cum
1268 402 1392 448 vitae
1425 422 1511 466 pu-

107 466 223 520 dere
263 469 466 517 deberet
505 472 792 535 etcnlpae,
843 489 943 518 non
982 468 1254 517 abolendae
1290 469 1514 519 incubuit

104 539 351 586 maculae:
414 538 521 600 sed,
569 553 818 604 tamquam
846 539 986 587 inter
1032 539 1212 585 multos
1253 539 1514 602 probrosos

104 604 234 652 solus
262 622 440 655 vacuus
467 609 528 654 ab
562 609 698 656 omni
723 607 947 668 delicto,
993 625 1121 674 equo
1161 605 1417 671 phalerato·
1444 607 1514 654 in-

102 674 261 723 fidens
314 677 689 740 discurrensque
740 695 828 740 per
865 674 1059 737 filices,
1115 677 1289 723 multo.
1315 676 1420 740 post
1450 675 1515 724 ¹se

102 743 142 808 ²)
162 762 290 792 nunc
308 763 463 808 usque
481 745 633 791 trahit
653 745 846 806 agmina
866 743 1186 804 servu-lorum,
1222 763 1307 808 per
1332 763 1516 793 novum

102 812 356 876 quoddam
395 811 589 875 insigne·
615 811 861 870 curiosius
886 811 1094 877 spectari
1130 813 1411 861 adfectans:
1463 829 1518 862 ut

99 880 344 928 Duillium
365 881 643 945 accepimns
668 895 915 942 veterem,
947 882 1054 946 post
1083 883 1292 946 gloriosa
1324 883 1406 930 illa
1436 902 1518 929 na-

101 950 221 996 valis
244 951 314 998 rei
332 950 596 998 certamina
618 950 671 997 id
692 949 781 996 fibi
811 949 1080 1014 sumpsisse,
1132 965 1188 997 ut
1220 951 1423 999 tibicine
1451 953 1518 1000 le-

102 1018 211 1065 nius
236 1021 543 1083 praecinente
569 1018 752 1067 rediret
771 1018 934 1066 adsua
949 1019 1061 1083 post
1073 1037 1294 1066 coenam.

199 1089 304 1135 Sub
325 1090 422 1136 hoc
443 1100 605 1136 tamen
625 1088 915 1152 Aproniano
942 1087 1010 1134 ita
1040 1088 1221 1151 iugiter
1251 1089 1396 1153 copia
1436 1108 1517 1137 ne-
1537 1106 1567 1149 6

106 1156 419 1206 cellariorum
452 1157 768 1217 exuberavit,
795 1170 850 1203 ut
867 1156 999 1203 nulla
1030 1155 1198 1203 saltem
1232 1157 1359 1203 levia
1392 1177 1523 1205 mur-

103 1243 245 1273 mura
274 1227 418 1291 super
450 1227 613 1294 inopia
646 1226 797 1274 victui
829 1226 1206 1289 congruentium
1249 1227 1520 1275 orirentur:

103 1294 240 1359 quod
260 1295 458 1343 adlidue
480 1296 660 1343 Romae
680 1295 936 1358 contingit.

205 1364 294 1411 IV.
334 1364 403 1411 At
427 1365 478 1410 in
508 1362 741 1429 Bithynia
772 1363 1142 1412 Valentinianus
1175 1362 1408 1426 Princeps
1443 1363 1517 1426 (ut
1543 1386 1561 1413 1·

102 1428 773 1496 praediximusj'declaratus,
810 1432 925 1480 dato
950 1434 1000 1478 in
1029 1432 1351 1495 perendimun
1385 1429 1519 1478 diem

100 1499 238 1564 figno
267 1501 637 1565 proficiscendi⁷
683 1502 963 1549 convocatis
1003 1501 1330 1565 primoribuS,
1385 1499 1520 1564 quafi

102 1582 208 1616 tota
237 1569 434 1618 consilia
464 1589 610 1637 quam
642 1571 732 1617 libi
763 1567 1330 1635 placentia·⁴sequuturus
1344 1604 1359 1625 ,
1412 1586 1522 1632 per-

103 1641 442 1701 cunctabatur,
473 1657 737 1705 quemnam
756 1638 816 1686 ad
837 1637 1033 1704 imperii
1055 1636 1356 1685 consortium
1376 1654 1522 1700 opor-

104 1721 229 1754 teret
259 1707 472 1756 adsumi:
521 1709 871 1774 filentibusque
912 1707 1127 1768 cunctis,
1185 1705 1522 1769 Dagalaiphus

104 1789 220 1823 tunc
258 1779 490 1842 equestris
522 1779 727 1826 militiae
774 1792 936 1825 rector
969 1774 1222 1840 respondit
1264 1774 1521 1821 fidentius:

106 1848 164 1892 Si
189 1856 332 1907 tuas,-
355 1847 547 1911 inquit,
594 1866 766 1904 amas,
810 1851 1092 1910 Imperator
1124 1846 1332 1908 optime,
1375 1843 1522 1890 habes

90 1915 346 1975 fi·atrem;
381 1920 435 1975 st
465 1932 583 1963 rem·
592 1918 870 1980 publicam,
910 1933 1120 1979 qaaere,
1157 1930 1299 1977 quem
1328 1914 1522 1974 vestias.

106 1988 224 2048 Quo
257 1985 390 2032 dicto
419 1985 663 2050 asperatus
698 1987 823 2046 ine‚·
856 1980 942 2032 sed
972 1984 1145 2030 tacitus
1180 1996 1227 2029 et
1256 1982 1519 2041 occultans,
1542 2006 1570 2034 2

108 2051 232 2118 quae
252 2055 538 2118 cogitabat,·
557 2053 902 2102 Nicomediam
923 2051 1181 2100 itineribus
1206 2052 1313 2096 citis
1346 2048 1522 2112 ingres-

106 2122 184 2169 sus
202 2123 313 2169 Kal.
342 2123 559 2184 Martiis,
589 2124 848 2171 Valentem
867 2121 1066 2170 fratrem
1088 2120 1275 2166 stabulo
1297 2117 1382 2163 suo
1406 2135 1520 2162 cum

111 2191 384 2236 tribunatus
404 2190 643 2254 dignitate
669 2191 921 2256 praefecit.
990 2189 1210 2252 Indeque
1236 2204 1346 2233 cum
1368 2184 1518 2231 venis-
1537 2197 1567 2240 3

107 2259 179 2306 sot
203 2259 676 2323 Constantinopolim
696 2297 708 2321 ‚
745 2261 897 2307 multa
923 2258 1087 2306 secum
1119 2254 1219 2320 ipse
1250 2254 1519 2313 divolvens,

112 2342 160 2375 ct
185 2328 519 2391 magnitudine
540 2329 820 2393 urgentium
845 2328 1155 2392 negotiorum
1192 2324 1285 2369 iam
1312 2320 1359 2369 se
1392 2323 1426 2385 ¹)
1448 2320 1522 2367 su-

110 2397 270 2461 perari
291 2395 625 2444 confidemus:
659 2397 784 2445 nihil
806 2395 1098 2446 morandum
1130 2406 1282 2449 ratus,
1321 2391 1362 2455 ²)
1384 2390 1523 2453 quin-

113 2479 216 2512 tum
238 2465 349 2512 Kal.
373 2466 560 2529 Aprilis
601 2465 891 2530 productum
926 2462 1152 2512 eumdem
1182 2461 1438 2508 Valentem
1470 2459 1522 2504 in

110 2534 473 2595 suburbanum,
507 2535 840 2583 universorum
871 2531 1117 2581 sententiis
1150 2528 1523 2576 concinentibus

113 2606 223 2663 (uec
252 2604 381 2651 enim
418 2602 628 2650 audebat
668 2604 928 2669 quisquam
966 2598 1208 2663 refragari)
1250 2596 1523 2659 Augustum

162 2766 197 2805 af
221 2766 269 2799 al.
294 2767 435 2802 unicus.
469 2766 586 2812 1)Ms.
609 2770 738 2814 parari,
791 2773 827 2817 2)
851 2769 895 2805 qd
918 2771 1087 2813 quintum
1114 2765 1150 2798 in
1180 2762 1257 2797 aliis
1285 2761 1385 2796 libris
1415 2760 1525 2803 deest,
