<?xml version="1.0" encoding="UTF-8"?>
<!DOCTYPE html PUBLIC "-//W3C//DTD XHTML 1.0 Transitional//EN"
    "http://www.w3.org/TR/xhtml1/DTD/xhtml1-transitional.dtd">
<html xmlns="http://www.w3.org/1999/xhtml" xml:lang="en" lang="en">
 <head>
  <title>
</title>
<meta http-equiv="Content-Type" content="text/html;charset=utf-8" />
  <meta name='ocr-system' content='tesseract 3.04.00' />
  <meta name='ocr-capabilities' content='ocr_page ocr_carea ocr_par ocr_line ocrx_word'/>
</head>
<body>
  <div class='ocr_page' id='page_1' title='image "ammianimarcellin01ammiuoft_0657.png"; bbox 0 0 1727 3144; ppageno 0'>
   <div class='ocr_carea' id='block_1_1' title="bbox 264 121 1528 168">
    <p class='ocr_par' dir='ltr' id='par_1_1' title="bbox 264 121 1528 168">
     <span class='ocr_line' id='line_1_1' title="bbox 264 121 1528 168; baseline 0.003 -4"><span class='ocrx_word' id='word_1_1' title='bbox 264 132 529 165; x_wconf 75' lang='lat' dir='ltr'><strong>VALENT.</strong></span> <span class='ocrx_word' id='word_1_2' title='bbox 566 132 705 163; x_wconf 85' lang='lat' dir='ltr'>VAL.</span> <span class='ocrx_word' id='word_1_3' title='bbox 737 131 811 163; x_wconf 81' lang='lat' dir='ltr'>ET</span> <span class='ocrx_word' id='word_1_4' title='bbox 849 132 1152 164; x_wconf 53' lang='lat' dir='ltr'>cnam-xx.</span> <span class='ocrx_word' id='word_1_5' title='bbox 1224 121 1340 166; x_wconf 74' lang='lat'><strong>568.</strong></span> <span class='ocrx_word' id='word_1_6' title='bbox 1433 124 1528 168; x_wconf 73' lang='lat'>455</span> 
     </span>
    </p>
   </div>
   <div class='ocr_carea' id='block_1_2' title="bbox 120 233 1529 306">
    <p class='ocr_par' dir='ltr' id='par_1_2' title="bbox 120 233 1529 306">
     <span class='ocr_line' id='line_1_2' title="bbox 120 233 1529 306; baseline 0.002 -14"><span class='ocrx_word' id='word_1_7' title='bbox 120 233 365 302; x_wconf 56' lang='lat' dir='ltr'>vastabat,</span> <span class='ocrx_word' id='word_1_8' title='bbox 394 257 584 306; x_wconf 84' lang='lat' dir='ltr'>praeter</span> <span class='ocrx_word' id='word_1_9' title='bbox 607 242 860 302; x_wconf 82' lang='lat' dir='ltr'>alimenta,</span> <span class='ocrx_word' id='word_1_10' title='bbox 904 258 1027 305; x_wconf 90' lang='lat' dir='ltr'>quae</span> <span class='ocrx_word' id='word_1_11' title='bbox 1056 241 1223 305; x_wconf 80' lang='lat' dir='ltr'>colligi</span> <span class='ocrx_word' id='word_1_12' title='bbox 1254 245 1430 293; x_wconf 89' lang='lat' dir='ltr'>dubius</span> <span class='ocrx_word' id='word_1_13' title='bbox 1459 265 1529 295; x_wconf 84' lang='lat' dir='ltr'>re-</span> 
     </span>
    </p>
   </div>
   <div class='ocr_carea' id='block_1_3' title="bbox 124 307 1576 376">
    <p class='ocr_par' dir='ltr' id='par_1_3' title="bbox 124 307 1576 376">
     <span class='ocr_line' id='line_1_3' title="bbox 124 307 1576 376; baseline 0.003 -18"><span class='ocrx_word' id='word_1_14' title='bbox 124 330 235 358; x_wconf 81' lang='lat' dir='ltr'>ium</span> <span class='ocrx_word' id='word_1_15' title='bbox 257 326 454 359; x_wconf 87' lang='lat' dir='ltr'>eventus</span> <span class='ocrx_word' id='word_1_16' title='bbox 478 311 701 376; x_wconf 81' lang='lat' dir='ltr'>adigebat</span> <span class='ocrx_word' id='word_1_17' title='bbox 723 325 770 358; x_wconf 88' lang='lat' dir='ltr'>et</span> <span class='ocrx_word' id='word_1_18' title='bbox 789 307 1036 357; x_wconf 68' lang='lat' dir='ltr'>custoditi.</span> <span class='ocrx_word' id='word_1_19' title='bbox 1106 309 1219 357; x_wconf 84' lang='lat' dir='ltr'>Post</span> <span class='ocrx_word' id='word_1_20' title='bbox 1239 311 1358 360; x_wconf 87' lang='lat' dir='ltr'>haec</span> <span class='ocrx_word' id='word_1_21' title='bbox 1378 315 1529 364; x_wconf 78' lang='lat' dir='ltr'>lenio-</span> <span class='ocrx_word' id='word_1_22' title='bbox 1549 328 1576 368; x_wconf 74' lang='grc'><strong><em>3</em></strong></span> 
     </span>
    </p>
   </div>
   <div class='ocr_carea' id='block_1_4' title="bbox 119 378 1529 583">
    <p class='ocr_par' dir='ltr' id='par_1_4' title="bbox 121 378 1529 583">
     <span class='ocr_line' id='line_1_4' title="bbox 122 378 1527 448; baseline 0.001 -21"><span class='ocrx_word' id='word_1_23' title='bbox 122 398 175 427; x_wconf 76' lang='lat' dir='ltr'>ie</span> <span class='ocrx_word' id='word_1_24' title='bbox 226 380 381 444; x_wconf 78' lang='lat' dir='ltr'>gressu</span> <span class='ocrx_word' id='word_1_25' title='bbox 419 380 653 445; x_wconf 67' lang='lat' dir='ltr'>Princeps</span> <span class='ocrx_word' id='word_1_26' title='bbox 688 379 891 426; x_wconf 85' lang='lat' dir='ltr'>ulterius</span> <span class='ocrx_word' id='word_1_27' title='bbox 936 378 1166 440; x_wconf 81' lang='lat' dir='ltr'>tendens,</span> <span class='ocrx_word' id='word_1_28' title='bbox 1221 398 1334 427; x_wconf 89' lang='lat' dir='ltr'>cum</span> <span class='ocrx_word' id='word_1_29' title='bbox 1374 401 1527 448; x_wconf 79' lang='lat' dir='ltr'>prope</span> 
     </span>
     <span class='ocr_line' id='line_1_5' title="bbox 121 447 1529 514; baseline 0.005 -20"><span class='ocrx_word' id='word_1_30' title='bbox 121 448 289 496; x_wconf 86' lang='lat' dir='ltr'>locum</span> <span class='ocrx_word' id='word_1_31' title='bbox 326 450 549 510; x_wconf 74' lang='lat' dir='ltr'>veniss&#39;et,</span> <span class='ocrx_word' id='word_1_32' title='bbox 597 449 675 496; x_wconf 87' lang='lat' dir='ltr'>cui</span> <span class='ocrx_word' id='word_1_33' title='bbox 706 451 746 514; x_wconf 75' lang='lat'>⁴)</span> <span class='ocrx_word' id='word_1_34' title='bbox 766 447 1008 496; x_wconf 84' lang='lat' dir='ltr'>Solicinio</span> <span class='ocrx_word' id='word_1_35' title='bbox 1040 466 1222 496; x_wconf 87' lang='lat' dir='ltr'>nomen</span> <span class='ocrx_word' id='word_1_36' title='bbox 1253 449 1346 511; x_wconf 82' lang='lat' dir='ltr'>est,</span> <span class='ocrx_word' id='word_1_37' title='bbox 1399 454 1529 501; x_wconf 87' lang='lat' dir='ltr'>velut</span> 
     </span>
     <span class='ocr_line' id='line_1_6' title="bbox 119 516 1527 583; baseline 0.004 -20.013"><span class='ocrx_word' id='word_1_38' title='bbox 119 518 336 582; x_wconf 88' lang='lat' dir='ltr'>quadam</span> <span class='ocrx_word' id='word_1_39' title='bbox 356 519 497 567; x_wconf 86' lang='lat' dir='ltr'>obice</span> <span class='ocrx_word' id='word_1_40' title='bbox 519 519 662 580; x_wconf 69' lang='lat' dir='ltr'>stetit,</span> <span class='ocrx_word' id='word_1_41' title='bbox 693 518 865 565; x_wconf 90' lang='lat' dir='ltr'>doctus</span> <span class='ocrx_word' id='word_1_42' title='bbox 885 516 1273 583; x_wconf 77' lang='lat' dir='ltr'>piocnrsantium</span> <span class='ocrx_word' id='word_1_43' title='bbox 1293 519 1527 569; x_wconf 83' lang='lat' dir='ltr'>ielatione</span> 
     </span>
    </p>
   </div>
   <div class='ocr_carea' id='block_1_5' title="bbox 118 585 1574 651">
    <p class='ocr_par' dir='ltr' id='par_1_5' title="bbox 118 585 1574 651">
     <span class='ocr_line' id='line_1_7' title="bbox 118 585 1574 651; baseline 0.003 -19"><span class='ocrx_word' id='word_1_44' title='bbox 118 587 380 648; x_wconf 73' lang='lat' dir='ltr'>vei-illium,</span> <span class='ocrx_word' id='word_1_45' title='bbox 417 588 648 635; x_wconf 86' lang='lat' dir='ltr'>barbaros</span> <span class='ocrx_word' id='word_1_46' title='bbox 666 589 810 651; x_wconf 84' lang='lat' dir='ltr'>longe</span> <span class='ocrx_word' id='word_1_47' title='bbox 839 585 1142 650; x_wconf 88' lang='lat' dir='ltr'>conspectos.</span> <span class='ocrx_word' id='word_1_48' title='bbox 1215 587 1316 643; x_wconf 84' lang='lat' dir='ltr'>Qui</span> <span class='ocrx_word' id='word_1_49' title='bbox 1344 589 1523 636; x_wconf 89' lang='lat' dir='ltr'>nullam</span> <span class='ocrx_word' id='word_1_50' title='bbox 1548 609 1574 647; x_wconf 83' lang='lat'><strong>9</strong></span> 
     </span>
    </p>
   </div>
   <div class='ocr_carea' id='block_1_6' title="bbox 107 654 1531 1271">
    <p class='ocr_par' dir='ltr' id='par_1_6' title="bbox 107 654 1531 1271">
     <span class='ocr_line' id='line_1_8' title="bbox 119 654 1531 718; baseline 0.002 -17"><span class='ocrx_word' id='word_1_51' title='bbox 119 654 182 701; x_wconf 85' lang='lat' dir='ltr'>ad</span> <span class='ocrx_word' id='word_1_52' title='bbox 202 656 433 704; x_wconf 87' lang='lat' dir='ltr'>tuendam</span> <span class='ocrx_word' id='word_1_53' title='bbox 456 657 658 704; x_wconf 86' lang='lat' dir='ltr'>salutem</span> <span class='ocrx_word' id='word_1_54' title='bbox 697 656 822 704; x_wconf 86' lang='lat' dir='ltr'>viam</span> <span class='ocrx_word' id='word_1_55' title='bbox 854 655 1091 718; x_wconf 69' lang='lat' dir='ltr'>superesse</span> <span class='ocrx_word' id='word_1_56' title='bbox 1125 671 1404 715; x_wconf 82' lang='lat' dir='ltr'>cernentes,</span> <span class='ocrx_word' id='word_1_57' title='bbox 1442 657 1531 704; x_wconf 77' lang='lat' dir='ltr'>nisi</span> 
     </span>
     <span class='ocr_line' id='line_1_9' title="bbox 115 722 1526 790; baseline 0.003 -20"><span class='ocrx_word' id='word_1_58' title='bbox 115 722 165 771; x_wconf 83' lang='lat' dir='ltr'>fe</span> <span class='ocrx_word' id='word_1_59' title='bbox 184 725 332 772; x_wconf 88' lang='lat' dir='ltr'>celeri</span> <span class='ocrx_word' id='word_1_60' title='bbox 360 725 680 772; x_wconf 76' lang='lat' dir='ltr'>defendiss&#39;ent</span> <span class='ocrx_word' id='word_1_61' title='bbox 708 725 742 786; x_wconf 82' lang='lat'>⁵)</span> <span class='ocrx_word' id='word_1_62' title='bbox 763 722 990 783; x_wconf 86' lang='lat' dir='ltr'>occursu,</span> <span class='ocrx_word' id='word_1_63' title='bbox 1035 725 1260 772; x_wconf 87' lang='lat' dir='ltr'>locorum</span> <span class='ocrx_word' id='word_1_64' title='bbox 1290 726 1526 790; x_wconf 80' lang='lat' dir='ltr'>gnaritate</span> 
     </span>
     <span class='ocr_line' id='line_1_10' title="bbox 116 791 1530 860; baseline 0.003 -21"><span class='ocrx_word' id='word_1_65' title='bbox 116 792 313 853; x_wconf 79' lang='lat' dir='ltr'>confifi‚</span> <span class='ocrx_word' id='word_1_66' title='bbox 358 812 510 839; x_wconf 83' lang='lat' dir='ltr'>unum</span> <span class='ocrx_word' id='word_1_67' title='bbox 541 791 835 856; x_wconf 79' lang='lat' dir='ltr'>spirantibus</span> <span class='ocrx_word' id='word_1_68' title='bbox 871 791 1044 838; x_wconf 84' lang='lat' dir='ltr'>animis</span> <span class='ocrx_word' id='word_1_69' title='bbox 1076 807 1296 840; x_wconf 88' lang='lat' dir='ltr'>montem</span> <span class='ocrx_word' id='word_1_70' title='bbox 1322 813 1530 860; x_wconf 85' lang='lat' dir='ltr'>occupa-</span> 
     </span>
     <span class='ocr_line' id='line_1_11' title="bbox 113 860 1528 929; baseline 0.004 -22"><span class='ocrx_word' id='word_1_71' title='bbox 113 877 226 915; x_wconf 83' lang='lat' dir='ltr'>vere</span> <span class='ocrx_word' id='word_1_72' title='bbox 259 860 583 925; x_wconf 78' lang='lat' dir='ltr'>praecelsum,</span> <span class='ocrx_word' id='word_1_73' title='bbox 633 878 721 925; x_wconf 85' lang='lat' dir='ltr'>per</span> <span class='ocrx_word' id='word_1_74' title='bbox 758 860 1071 924; x_wconf 86' lang='lat' dir='ltr'>confragosos</span> <span class='ocrx_word' id='word_1_75' title='bbox 1114 863 1264 910; x_wconf 86' lang='lat' dir='ltr'>colles</span> <span class='ocrx_word' id='word_1_76' title='bbox 1306 863 1528 929; x_wconf 85' lang='lat' dir='ltr'>undique</span> 
     </span>
     <span class='ocr_line' id='line_1_12' title="bbox 113 929 1527 994; baseline 0.004 -19"><span class='ocrx_word' id='word_1_77' title='bbox 113 944 430 994; x_wconf 79' lang='lat' dir='ltr'>praeruptum</span> <span class='ocrx_word' id='word_1_78' title='bbox 451 944 498 977; x_wconf 92' lang='lat' dir='ltr'>et</span> <span class='ocrx_word' id='word_1_79' title='bbox 515 929 717 990; x_wconf 76' lang='lat' dir='ltr'>invium,</span> <span class='ocrx_word' id='word_1_80' title='bbox 749 930 933 993; x_wconf 87' lang='lat' dir='ltr'>absque</span> <span class='ocrx_word' id='word_1_81' title='bbox 955 929 1339 993; x_wconf 80' lang='lat' dir='ltr'>septemtrionali</span> <span class='ocrx_word' id='word_1_82' title='bbox 1360 934 1527 993; x_wconf 79' lang='lat' dir='ltr'>latere,</span> 
     </span>
     <span class='ocr_line' id='line_1_13' title="bbox 111 997 1526 1065; baseline 0.004 -21"><span class='ocrx_word' id='word_1_83' title='bbox 111 997 244 1045; x_wconf 89' lang='lat' dir='ltr'>unde</span> <span class='ocrx_word' id='word_1_84' title='bbox 265 999 460 1046; x_wconf 83' lang='lat' dir='ltr'>facilem</span> <span class='ocrx_word' id='word_1_85' title='bbox 480 999 631 1046; x_wconf 87' lang='lat' dir='ltr'>hahet</span> <span class='ocrx_word' id='word_1_86' title='bbox 652 998 977 1046; x_wconf 79' lang='lat' dir='ltr'>devexitatem</span> <span class='ocrx_word' id='word_1_87' title='bbox 1000 1013 1047 1046; x_wconf 86' lang='lat' dir='ltr'>et</span> <span class='ocrx_word' id='word_1_88' title='bbox 1077 1000 1294 1047; x_wconf 86' lang='lat' dir='ltr'>mollem.</span> <span class='ocrx_word' id='word_1_89' title='bbox 1363 1002 1526 1065; x_wconf 81' lang='lat' dir='ltr'>Signis</span> 
     </span>
     <span class='ocr_line' id='line_1_14' title="bbox 111 1066 1527 1130; baseline 0.004 -18"><span class='ocrx_word' id='word_1_90' title='bbox 111 1066 246 1114; x_wconf 89' lang='lat' dir='ltr'>illico</span> <span class='ocrx_word' id='word_1_91' title='bbox 273 1069 378 1114; x_wconf 80' lang='lat' dir='ltr'>fixis</span> <span class='ocrx_word' id='word_1_92' title='bbox 407 1086 463 1114; x_wconf 79' lang='lat' dir='ltr'>ex</span> <span class='ocrx_word' id='word_1_93' title='bbox 487 1085 651 1127; x_wconf 84' lang='lat' dir='ltr'>more,</span> <span class='ocrx_word' id='word_1_94' title='bbox 691 1085 806 1113; x_wconf 90' lang='lat' dir='ltr'>cum</span> <span class='ocrx_word' id='word_1_95' title='bbox 838 1066 1057 1130; x_wconf 88' lang='lat' dir='ltr'>undique</span> <span class='ocrx_word' id='word_1_96' title='bbox 1082 1067 1144 1114; x_wconf 90' lang='lat' dir='ltr'>ad</span> <span class='ocrx_word' id='word_1_97' title='bbox 1172 1087 1304 1116; x_wconf 88' lang='lat' dir='ltr'>arma</span> <span class='ocrx_word' id='word_1_98' title='bbox 1334 1071 1527 1117; x_wconf 88' lang='lat' dir='ltr'>concla-</span> 
     </span>
     <span class='ocr_line' id='line_1_15' title="bbox 110 1135 1526 1202; baseline 0.001 -19"><span class='ocrx_word' id='word_1_99' title='bbox 110 1150 349 1196; x_wconf 87' lang='lat' dir='ltr'>maretur,</span> <span class='ocrx_word' id='word_1_100' title='bbox 378 1137 588 1199; x_wconf 88' lang='lat' dir='ltr'>imperio</span> <span class='ocrx_word' id='word_1_101' title='bbox 613 1135 855 1199; x_wconf 86' lang='lat' dir='ltr'>Principis</span> <span class='ocrx_word' id='word_1_102' title='bbox 881 1150 927 1183; x_wconf 87' lang='lat' dir='ltr'>et</span> <span class='ocrx_word' id='word_1_103' title='bbox 957 1136 1219 1185; x_wconf 86' lang='lat' dir='ltr'>ductorum</span> <span class='ocrx_word' id='word_1_104' title='bbox 1246 1137 1375 1185; x_wconf 84' lang='lat' dir='ltr'>stetit</span> <span class='ocrx_word' id='word_1_105' title='bbox 1404 1139 1526 1202; x_wconf 79' lang='lat' dir='ltr'>regi·</span> 
     </span>
     <span class='ocr_line' id='line_1_16' title="bbox 107 1204 1524 1271; baseline 0.002 -20"><span class='ocrx_word' id='word_1_106' title='bbox 107 1204 224 1251; x_wconf 79' lang='lat' dir='ltr'>bilis</span> <span class='ocrx_word' id='word_1_107' title='bbox 245 1206 410 1263; x_wconf 83' lang='lat' dir='ltr'>miles,</span> <span class='ocrx_word' id='word_1_108' title='bbox 438 1205 666 1252; x_wconf 80' lang='lat' dir='ltr'>vexillum</span> <span class='ocrx_word' id='word_1_109' title='bbox 689 1205 950 1270; x_wconf 86' lang='lat' dir='ltr'>opperiens</span> <span class='ocrx_word' id='word_1_110' title='bbox 982 1206 1340 1253; x_wconf 82' lang='lat' dir='ltr'>extollendum:</span> <span class='ocrx_word' id='word_1_111' title='bbox 1386 1206 1524 1271; x_wconf 90' lang='lat' dir='ltr'>quod</span> 
     </span>
    </p>
   </div>
   <div class='ocr_carea' id='block_1_7' title="bbox 111 1273 1580 1340">
    <p class='ocr_par' dir='ltr' id='par_1_7' title="bbox 111 1273 1580 1340">
     <span class='ocr_line' id='line_1_17' title="bbox 111 1273 1580 1340; baseline 0.002 -19"><span class='ocrx_word' id='word_1_112' title='bbox 111 1288 214 1321; x_wconf 84' lang='lat' dir='ltr'>erat</span> <span class='ocrx_word' id='word_1_113' title='bbox 236 1288 513 1337; x_wconf 87' lang='lat' dir='ltr'>opportune</span> <span class='ocrx_word' id='word_1_114' title='bbox 532 1273 812 1321; x_wconf 85' lang='lat' dir='ltr'>subeundae</span> <span class='ocrx_word' id='word_1_115' title='bbox 833 1273 1071 1320; x_wconf 81' lang='lat' dir='ltr'>indicium</span> <span class='ocrx_word' id='word_1_116' title='bbox 1100 1293 1303 1339; x_wconf 82' lang='lat' dir='ltr'>pugnae.</span> <span class='ocrx_word' id='word_1_117' title='bbox 1373 1276 1522 1340; x_wconf 80' lang='lat' dir='ltr'>Ergo,</span> <span class='ocrx_word' id='word_1_118' title='bbox 1571 1303 1580 1324; x_wconf 73' lang='lat'>‹</span> 
     </span>
    </p>
   </div>
   <div class='ocr_carea' id='block_1_8' title="bbox 103 1341 1524 2575">
    <p class='ocr_par' dir='ltr' id='par_1_8' title="bbox 103 1341 1524 2575">
     <span class='ocr_line' id='line_1_18' title="bbox 109 1341 1524 1407; baseline 0.003 -19"><span class='ocrx_word' id='word_1_119' title='bbox 109 1343 225 1407; x_wconf 87' lang='lat' dir='ltr'>quia</span> <span class='ocrx_word' id='word_1_120' title='bbox 254 1341 461 1407; x_wconf 82' lang='lat' dir='ltr'>spatium</span> <span class='ocrx_word' id='word_1_121' title='bbox 493 1341 798 1390; x_wconf 87' lang='lat' dir='ltr'>deliberandi</span> <span class='ocrx_word' id='word_1_122' title='bbox 830 1357 910 1389; x_wconf 90' lang='lat' dir='ltr'>aut</span> <span class='ocrx_word' id='word_1_123' title='bbox 941 1344 1170 1403; x_wconf 73' lang='lat' dir='ltr'>exiguum</span> <span class='ocrx_word' id='word_1_124' title='bbox 1204 1343 1408 1391; x_wconf 87' lang='lat' dir='ltr'>dabatur</span> <span class='ocrx_word' id='word_1_125' title='bbox 1443 1359 1524 1393; x_wconf 88' lang='lat' dir='ltr'>aut</span> 
     </span>
     <span class='ocr_line' id='line_1_19' title="bbox 107 1410 1521 1476; baseline 0.002 -19"><span class='ocrx_word' id='word_1_126' title='bbox 107 1411 324 1474; x_wconf 84' lang='lat' dir='ltr'>nullum,</span> <span class='ocrx_word' id='word_1_127' title='bbox 385 1412 503 1459; x_wconf 90' lang='lat' dir='ltr'>hinc</span> <span class='ocrx_word' id='word_1_128' title='bbox 550 1411 854 1475; x_wconf 80' lang='lat' dir='ltr'>impatientia</span> <span class='ocrx_word' id='word_1_129' title='bbox 911 1412 1078 1457; x_wconf 86' lang='lat' dir='ltr'>militis</span> <span class='ocrx_word' id='word_1_130' title='bbox 1124 1410 1162 1475; x_wconf 81' lang='lat'>⁶)</span> <span class='ocrx_word' id='word_1_131' title='bbox 1202 1427 1521 1476; x_wconf 77' lang='lat' dir='ltr'>perterrente,</span> 
     </span>
     <span class='ocr_line' id='line_1_20' title="bbox 105 1479 1517 1542; baseline 0.002 -16"><span class='ocrx_word' id='word_1_132' title='bbox 105 1479 224 1527; x_wconf 84' lang='lat' dir='ltr'>inde</span> <span class='ocrx_word' id='word_1_133' title='bbox 279 1480 527 1528; x_wconf 85' lang='lat' dir='ltr'>horrenda</span> <span class='ocrx_word' id='word_1_134' title='bbox 570 1479 1043 1528; x_wconf 75' lang='lat' dir='ltr'>circumsonantibus</span> <span class='ocrx_word' id='word_1_135' title='bbox 1096 1481 1410 1542; x_wconf 77' lang='lat' dir='ltr'>Alamannis,</span> <span class='ocrx_word' id='word_1_136' title='bbox 1468 1482 1517 1530; x_wconf 89' lang='lat' dir='ltr'>id</span> 
     </span>
     <span class='ocr_line' id='line_1_21' title="bbox 105 1547 1523 1604; baseline 0.001 -8"><span class='ocrx_word' id='word_1_137' title='bbox 105 1547 363 1596; x_wconf 83' lang='lat' dir='ltr'>confilium</span> <span class='ocrx_word' id='word_1_138' title='bbox 384 1550 507 1596; x_wconf 85' lang='lat' dir='ltr'>ratio</span> <span class='ocrx_word' id='word_1_139' title='bbox 527 1548 791 1598; x_wconf 77' lang='lat' dir='ltr'>celeritatis</span> <span class='ocrx_word' id='word_1_140' title='bbox 810 1547 1000 1595; x_wconf 86' lang='lat' dir='ltr'>admifit</span> <span class='ocrx_word' id='word_1_141' title='bbox 1010 1583 1025 1604; x_wconf 86' lang='lat'><em>,</em></span> <span class='ocrx_word' id='word_1_142' title='bbox 1060 1562 1115 1595; x_wconf 90' lang='lat' dir='ltr'>ut</span> <span class='ocrx_word' id='word_1_143' title='bbox 1138 1562 1355 1595; x_wconf 82' lang='lat' dir='ltr'>arctoam</span> <span class='ocrx_word' id='word_1_144' title='bbox 1382 1568 1523 1597; x_wconf 89' lang='lat' dir='ltr'>mon-</span> 
     </span>
     <span class='ocr_line' id='line_1_22' title="bbox 105 1615 1521 1683; baseline 0.001 -19"><span class='ocrx_word' id='word_1_145' title='bbox 105 1618 230 1664; x_wconf 88' lang='lat' dir='ltr'>tium</span> <span class='ocrx_word' id='word_1_146' title='bbox 259 1632 474 1682; x_wconf 87' lang='lat' dir='ltr'>partem,</span> <span class='ocrx_word' id='word_1_147' title='bbox 521 1636 667 1683; x_wconf 86' lang='lat' dir='ltr'>quam</span> <span class='ocrx_word' id='word_1_148' title='bbox 699 1616 965 1664; x_wconf 87' lang='lat' dir='ltr'>clementer</span> <span class='ocrx_word' id='word_1_149' title='bbox 990 1615 1198 1678; x_wconf 83' lang='lat' dir='ltr'>diximus</span> <span class='ocrx_word' id='word_1_150' title='bbox 1224 1616 1316 1665; x_wconf 83' lang='lat' dir='ltr'>effe</span> <span class='ocrx_word' id='word_1_151' title='bbox 1343 1619 1521 1681; x_wconf 88' lang='lat' dir='ltr'>procli-</span> 
     </span>
     <span class='ocr_line' id='line_1_23' title="bbox 107 1684 1519 1749; baseline -0.002 -14"><span class='ocrx_word' id='word_1_152' title='bbox 107 1704 243 1747; x_wconf 82' lang='lat' dir='ltr'>vem,</span> <span class='ocrx_word' id='word_1_153' title='bbox 291 1687 602 1737; x_wconf 86' lang='lat' dir='ltr'>Sebastianus</span> <span class='ocrx_word' id='word_1_154' title='bbox 641 1704 751 1733; x_wconf 88' lang='lat' dir='ltr'>cum</span> <span class='ocrx_word' id='word_1_155' title='bbox 792 1684 888 1732; x_wconf 88' lang='lat' dir='ltr'>suis</span> <span class='ocrx_word' id='word_1_156' title='bbox 928 1700 1216 1749; x_wconf 81' lang='lat' dir='ltr'>occuparet,</span> <span class='ocrx_word' id='word_1_157' title='bbox 1278 1686 1519 1749; x_wconf 84' lang='lat' dir='ltr'>fugientes</span> 
     </span>
     <span class='ocr_line' id='line_1_24' title="bbox 107 1753 1519 1818; baseline 0.001 -17"><span class='ocrx_word' id='word_1_158' title='bbox 107 1757 408 1814; x_wconf 86' lang='lat' dir='ltr'>Germanos,</span> <span class='ocrx_word' id='word_1_159' title='bbox 441 1754 479 1802; x_wconf 87' lang='lat' dir='ltr'>fi</span> <span class='ocrx_word' id='word_1_160' title='bbox 496 1756 598 1802; x_wconf 86' lang='lat' dir='ltr'>fors</span> <span class='ocrx_word' id='word_1_161' title='bbox 618 1755 683 1802; x_wconf 88' lang='lat' dir='ltr'>ita</span> <span class='ocrx_word' id='word_1_162' title='bbox 701 1753 878 1802; x_wconf 78' lang='lat' dir='ltr'>tuliss‘et,</span> <span class='ocrx_word' id='word_1_163' title='bbox 893 1790 906 1815; x_wconf 84' lang='lat'>,</span> <span class='ocrx_word' id='word_1_164' title='bbox 935 1754 1032 1801; x_wconf 89' lang='lat' dir='ltr'>levi</span> <span class='ocrx_word' id='word_1_165' title='bbox 1053 1754 1253 1818; x_wconf 86' lang='lat' dir='ltr'>negotio</span> <span class='ocrx_word' id='word_1_166' title='bbox 1277 1755 1519 1802; x_wconf 76' lang='lat' dir='ltr'>confossu-</span> 
     </span>
     <span class='ocr_line' id='line_1_25' title="bbox 105 1822 1516 1888; baseline 0.001 -18"><span class='ocrx_word' id='word_1_167' title='bbox 105 1841 211 1870; x_wconf 85' lang='lat' dir='ltr'>rus:</span> <span class='ocrx_word' id='word_1_168' title='bbox 241 1841 367 1887; x_wconf 84' lang='lat' dir='ltr'>qno,</span> <span class='ocrx_word' id='word_1_169' title='bbox 400 1837 456 1870; x_wconf 87' lang='lat' dir='ltr'>ut</span> <span class='ocrx_word' id='word_1_170' title='bbox 477 1823 685 1888; x_wconf 79' lang='lat' dir='ltr'>placuit,</span> <span class='ocrx_word' id='word_1_171' title='bbox 714 1836 988 1879; x_wconf 81' lang='lat' dir='ltr'>maturato,</span> <span class='ocrx_word' id='word_1_172' title='bbox 1019 1822 1355 1886; x_wconf 86' lang='lat' dir='ltr'>Gratianoque</span> <span class='ocrx_word' id='word_1_173' title='bbox 1385 1825 1516 1888; x_wconf 87' lang='lat' dir='ltr'>apud</span> 
     </span>
     <span class='ocr_line' id='line_1_26' title="bbox 103 1890 1517 1955; baseline 0 -15"><span class='ocrx_word' id='word_1_174' title='bbox 103 1891 236 1955; x_wconf 74' lang='lat' dir='ltr'>figna</span> <span class='ocrx_word' id='word_1_175' title='bbox 268 1892 586 1940; x_wconf 82' lang='lat' dir='ltr'>Iovianoium</span> <span class='ocrx_word' id='word_1_176' title='bbox 625 1906 755 1939; x_wconf 88' lang='lat' dir='ltr'>retro</span> <span class='ocrx_word' id='word_1_177' title='bbox 796 1890 1023 1953; x_wconf 83' lang='lat' dir='ltr'>detento,</span> <span class='ocrx_word' id='word_1_178' title='bbox 1070 1891 1208 1939; x_wconf 89' lang='lat' dir='ltr'>cuius</span> <span class='ocrx_word' id='word_1_179' title='bbox 1246 1906 1373 1940; x_wconf 89' lang='lat' dir='ltr'>aetas</span> <span class='ocrx_word' id='word_1_180' title='bbox 1415 1908 1517 1940; x_wconf 73' lang='lat' dir='ltr'>exat</span> 
     </span>
     <span class='ocr_line' id='line_1_27' title="bbox 105 1960 1516 2026; baseline -0.001 -17"><span class='ocrx_word' id='word_1_181' title='bbox 105 1960 250 2009; x_wconf 88' lang='lat' dir='ltr'>etiam</span> <span class='ocrx_word' id='word_1_182' title='bbox 284 1975 389 2007; x_wconf 92' lang='lat' dir='ltr'>tum</span> <span class='ocrx_word' id='word_1_183' title='bbox 420 1961 723 2026; x_wconf 77' lang='lat' dir='ltr'>pr=oelio1um</span> <span class='ocrx_word' id='word_1_184' title='bbox 755 1960 1014 2024; x_wconf 89' lang='lat' dir='ltr'>impatiens</span> <span class='ocrx_word' id='word_1_185' title='bbox 1049 1974 1095 2007; x_wconf 89' lang='lat' dir='ltr'>et</span> <span class='ocrx_word' id='word_1_186' title='bbox 1126 1961 1377 2022; x_wconf 71' lang='lat' dir='ltr'>laboium7</span> <span class='ocrx_word' id='word_1_187' title='bbox 1420 1962 1516 2008; x_wconf 88' lang='lat' dir='ltr'>Va-</span> 
     </span>
     <span class='ocr_line' id='line_1_28' title="bbox 103 1999 1512 2092; baseline -0.001 -15"><span class='ocrx_word' id='word_1_188' title='bbox 103 2030 398 2077; x_wconf 88' lang='lat' dir='ltr'>lentinianus</span> <span class='ocrx_word' id='word_1_189' title='bbox 427 2043 483 2076; x_wconf 89' lang='lat' dir='ltr'>ut</span> <span class='ocrx_word' id='word_1_190' title='bbox 514 2029 613 2076; x_wconf 78' lang='lat' dir='ltr'>dux</span> <span class='ocrx_word' id='word_1_191' title='bbox 640 2042 895 2076; x_wconf 81' lang='lat' dir='ltr'>cunctator</span> <span class='ocrx_word' id='word_1_192' title='bbox 924 2043 970 2076; x_wconf 90' lang='lat' dir='ltr'>et</span> <span class='ocrx_word' id='word_1_193' title='bbox 997 2043 1154 2092; x_wconf 88' lang='lat' dir='ltr'>tutus,</span> <span class='ocrx_word' id='word_1_194' title='bbox 1191 1999 1433 2077; x_wconf 86' lang='lat' dir='ltr'>centurias</span> <span class='ocrx_word' id='word_1_195' title='bbox 1468 2045 1512 2076; x_wconf 87' lang='lat' dir='ltr'>et</span> 
     </span>
     <span class='ocr_line' id='line_1_29' title="bbox 105 2098 1515 2174; baseline -0.001 -28"><span class='ocrx_word' id='word_1_196' title='bbox 105 2098 380 2174; x_wconf 79' lang='lat' dir='ltr'>manipulos</span> <span class='ocrx_word' id='word_1_197' title='bbox 408 2098 568 2162; x_wconf 86' lang='lat' dir='ltr'>capite</span> <span class='ocrx_word' id='word_1_198' title='bbox 594 2098 777 2145; x_wconf 83' lang='lat' dir='ltr'>intecto</span> <span class='ocrx_word' id='word_1_199' title='bbox 806 2098 1131 2159; x_wconf 74' lang='lat' dir='ltr'>conlustrans,</span> <span class='ocrx_word' id='word_1_200' title='bbox 1177 2099 1312 2145; x_wconf 90' lang='lat' dir='ltr'>nullo</span> <span class='ocrx_word' id='word_1_201' title='bbox 1344 2111 1515 2161; x_wconf 86' lang='lat' dir='ltr'>poten-</span> 
     </span>
     <span class='ocr_line' id='line_1_30' title="bbox 110 2165 1516 2226; baseline 0.001 -14"><span class='ocrx_word' id='word_1_202' title='bbox 110 2167 231 2212; x_wconf 80' lang='lat' dir='ltr'>tium</span> <span class='ocrx_word' id='word_1_203' title='bbox 258 2166 309 2211; x_wconf 90' lang='lat' dir='ltr'>in</span> <span class='ocrx_word' id='word_1_204' title='bbox 336 2165 684 2214; x_wconf 84' lang='lat' dir='ltr'>conscientiam</span> <span class='ocrx_word' id='word_1_205' title='bbox 714 2167 876 2213; x_wconf 86' lang='lat' dir='ltr'>arcani</span> <span class='ocrx_word' id='word_1_206' title='bbox 902 2166 1151 2226; x_wconf 75' lang='lat' dir='ltr'>adhibito,</span> <span class='ocrx_word' id='word_1_207' title='bbox 1191 2180 1375 2213; x_wconf 77' lang='lat' dir='ltr'>lemota</span> <span class='ocrx_word' id='word_1_208' title='bbox 1393 2167 1516 2213; x_wconf 87' lang='lat' dir='ltr'>mul·</span> 
     </span>
     <span class='ocr_line' id='line_1_31' title="bbox 106 2233 1515 2299; baseline -0.001 -17"><span class='ocrx_word' id='word_1_209' title='bbox 106 2233 317 2282; x_wconf 89' lang='lat' dir='ltr'>titudine</span> <span class='ocrx_word' id='word_1_210' title='bbox 355 2234 665 2298; x_wconf 82' lang='lat' dir='ltr'>stipatorum,</span> <span class='ocrx_word' id='word_1_211' title='bbox 725 2234 1021 2299; x_wconf 79' lang='lat' dir='ltr'>speculatum</span> <span class='ocrx_word' id='word_1_212' title='bbox 1062 2236 1245 2282; x_wconf 83' lang='lat' dir='ltr'>iadices</span> <span class='ocrx_word' id='word_1_213' title='bbox 1285 2252 1515 2298; x_wconf 82' lang='lat' dir='ltr'>aggerum</span> 
     </span>
     <span class='ocr_line' id='line_1_32' title="bbox 107 2303 1513 2368; baseline 0 -18"><span class='ocrx_word' id='word_1_214' title='bbox 107 2303 320 2352; x_wconf 88' lang='lat' dir='ltr'>avolavit</span> <span class='ocrx_word' id='word_1_215' title='bbox 346 2322 457 2350; x_wconf 86' lang='lat' dir='ltr'>cum</span> <span class='ocrx_word' id='word_1_216' title='bbox 489 2304 683 2367; x_wconf 84' lang='lat' dir='ltr'>paucis,</span> <span class='ocrx_word' id='word_1_217' title='bbox 730 2322 942 2368; x_wconf 84' lang='lat' dir='ltr'>quorum</span> <span class='ocrx_word' id='word_1_218' title='bbox 971 2304 1253 2350; x_wconf 84' lang='lat' dir='ltr'>industriam</span> <span class='ocrx_word' id='word_1_219' title='bbox 1291 2317 1431 2350; x_wconf 88' lang='lat' dir='ltr'>norat</span> <span class='ocrx_word' id='word_1_220' title='bbox 1466 2317 1513 2350; x_wconf 88' lang='lat' dir='ltr'>et</span> 
     </span>
     <span class='ocr_line' id='line_1_33' title="bbox 106 2370 1510 2436; baseline -0.002 -16"><span class='ocrx_word' id='word_1_221' title='bbox 106 2372 283 2420; x_wconf 86' lang='lat' dir='ltr'>fidem:</span> <span class='ocrx_word' id='word_1_222' title='bbox 320 2370 626 2436; x_wconf 77' lang='lat' dir='ltr'>praedicans,</span> <span class='ocrx_word' id='word_1_223' title='bbox 661 2386 714 2418; x_wconf 88' lang='lat' dir='ltr'>ut</span> <span class='ocrx_word' id='word_1_224' title='bbox 737 2387 836 2420; x_wconf 85' lang='lat' dir='ltr'>crat</span> <span class='ocrx_word' id='word_1_225' title='bbox 865 2372 937 2420; x_wconf 87' lang='lat' dir='ltr'>sui</span> <span class='ocrx_word' id='word_1_226' title='bbox 967 2390 1190 2435; x_wconf 75' lang='lat' dir='ltr'>arrogans</span> <span class='ocrx_word' id='word_1_227' title='bbox 1221 2371 1510 2433; x_wconf 76' lang='lat' dir='ltr'>aestimator,</span> 
     </span>
     <span class='ocr_line' id='line_1_34' title="bbox 105 2439 1514 2506; baseline -0.002 -17"><span class='ocrx_word' id='word_1_228' title='bbox 105 2441 315 2489; x_wconf 87' lang='lat' dir='ltr'>inveniri</span> <span class='ocrx_word' id='word_1_229' title='bbox 344 2441 474 2506; x_wconf 31' lang='lat' dir='ltr'>p-oss&#39;e</span> <span class='ocrx_word' id='word_1_230' title='bbox 506 2441 649 2488; x_wconf 89' lang='lat' dir='ltr'>aliam</span> <span class='ocrx_word' id='word_1_231' title='bbox 680 2441 806 2488; x_wconf 76' lang='lat' dir='ltr'>viam</span> <span class='ocrx_word' id='word_1_232' title='bbox 838 2441 1095 2489; x_wconf 84' lang='lat' dir='ltr'>ducentem</span> <span class='ocrx_word' id='word_1_233' title='bbox 1133 2439 1192 2486; x_wconf 85' lang='lat' dir='ltr'>ad</span> <span class='ocrx_word' id='word_1_234' title='bbox 1230 2439 1407 2486; x_wconf 88' lang='lat' dir='ltr'>arduos</span> <span class='ocrx_word' id='word_1_235' title='bbox 1430 2441 1514 2488; x_wconf 84' lang='lat' dir='ltr'>cli-</span> 
     </span>
     <span class='ocr_line' id='line_1_35' title="bbox 107 2509 1506 2575; baseline 0 -17"><span class='ocrx_word' id='word_1_236' title='bbox 107 2527 218 2571; x_wconf 80' lang='lat' dir='ltr'>vos,</span> <span class='ocrx_word' id='word_1_237' title='bbox 252 2524 443 2574; x_wconf 85' lang='lat' dir='ltr'>praeter</span> <span class='ocrx_word' id='word_1_238' title='bbox 465 2528 595 2571; x_wconf 83' lang='lat' dir='ltr'>eam,</span> <span class='ocrx_word' id='word_1_239' title='bbox 628 2528 772 2574; x_wconf 86' lang='lat' dir='ltr'>quam</span> <span class='ocrx_word' id='word_1_240' title='bbox 793 2509 1041 2575; x_wconf 84' lang='lat' dir='ltr'>inspexere</span> <span class='ocrx_word' id='word_1_241' title='bbox 1073 2510 1110 2573; x_wconf 81' lang='lat'>⁷)</span> <span class='ocrx_word' id='word_1_242' title='bbox 1130 2509 1506 2573; x_wconf 76' lang='lat' dir='ltr'>proculcatores.</span> 
     </span>
    </p>
   </div>
   <div class='ocr_carea' id='block_1_9' title="bbox 114 2692 1509 2790">
    <p class='ocr_par' dir='ltr' id='par_1_9' title="bbox 114 2692 1509 2790">
     <span class='ocr_line' id='line_1_36' title="bbox 156 2692 1509 2741; baseline -0.004 -11"><span class='ocrx_word' id='word_1_243' title='bbox 156 2701 192 2739; x_wconf 79' lang='grc'>4)</span> <span class='ocrx_word' id='word_1_244' title='bbox 226 2695 293 2730; x_wconf 81' lang='lat' dir='ltr'>Ms.</span> <span class='ocrx_word' id='word_1_245' title='bbox 332 2696 568 2731; x_wconf 81' lang='lat' dir='ltr'>Soliconeno.</span> <span class='ocrx_word' id='word_1_246' title='bbox 631 2696 673 2741; x_wconf 76' lang='lat'>5)</span> <span class='ocrx_word' id='word_1_247' title='bbox 709 2692 776 2728; x_wconf 85' lang='lat' dir='ltr'>Ms.</span> <span class='ocrx_word' id='word_1_248' title='bbox 817 2692 985 2730; x_wconf 83' lang='lat' dir='ltr'>occursu.</span> <span class='ocrx_word' id='word_1_249' title='bbox 1024 2692 1122 2729; x_wconf 81' lang='lat' dir='ltr'>unde</span> <span class='ocrx_word' id='word_1_250' title='bbox 1157 2692 1334 2729; x_wconf 72' lang='lat' dir='ltr'>locorum.</span> <span class='ocrx_word' id='word_1_251' title='bbox 1396 2693 1435 2739; x_wconf 88' lang='lat'>6)</span> <span class='ocrx_word' id='word_1_252' title='bbox 1461 2695 1509 2726; x_wconf 77' lang='lat' dir='ltr'>al.</span> 
     </span>
     <span class='ocr_line' id='line_1_37' title="bbox 114 2740 850 2790; baseline -0.001 -15"><span class='ocrx_word' id='word_1_253' title='bbox 114 2751 374 2789; x_wconf 69' lang='lat' dir='ltr'>praetereunte.</span> <span class='ocrx_word' id='word_1_254' title='bbox 430 2750 464 2790; x_wconf 85' lang='lat'>7)</span> <span class='ocrx_word' id='word_1_255' title='bbox 492 2744 542 2777; x_wconf 86' lang='lat' dir='ltr'>al.</span> <span class='ocrx_word' id='word_1_256' title='bbox 573 2740 764 2789; x_wconf 74' lang='lat' dir='ltr'>procursai</span> <span class='ocrx_word' id='word_1_257' title='bbox 773 2753 850 2776; x_wconf 85' lang='lat' dir='ltr'>res.</span> 
     </span>
    </p>
   </div>
  </div>
 </body>
</html>
