1727 3144
200 125 291 168 158
435 137 699 168 AMMiANi
736 136 1134 168 MARCELLINI
1175 137 1322 181 xvm,
1365 124 1408 167 5.

195 261 326 295 cerct
345 245 566 311 undique
590 245 818 310 periculis
841 263 903 309 op
910 245 1245 309 primeudum,
1281 247 1596 311 largitionum

198 317 389 365 Comite
424 316 485 362 ad
520 316 714 362 alterius
762 315 963 378 gratiam
1013 315 1227 362 infestius
1277 329 1597 379 perurgente3

196 386 360 450 fugam
389 386 449 432 ad
476 383 642 431 Persas
674 402 785 430 cum
816 384 1051 447 coniuge,
1096 383 1132 448 3)
1154 384 1346 444 liberis,
1369 428 1372 431 Α
1395 398 1442 432 et
1463 383 1599 431 omni

158 456 396 509 3Vinculo
421 453 674 501 caritatum
692 452 877 516 ingenti
898 453 1149 500 molimine
1174 454 1455 500 conabatur.
1514 454 1603 499 At·
1643 475 1659 490 ·

199 543 319 588 que,
351 538 406 569 ut
423 525 590 571 lateret
615 521 912 568 stationarios
938 521 1139 584 milites,
1174 520 1383 568 fundum
1407 520 1458 568 in
1482 521 1600 567 Hia-

195 591 361 656 spide,
408 593 493 656 qui
519 592 655 638 locus
687 589 903 654 Tigridis
932 591 1125 637 fluentis
1155 589 1396 652 adluitur,
1442 591 1600 654 pretio

198 680 298 708 non
345 678 519 725 magno
559 675 818 707 mercatum
919 659 1128 723 Hocque
1168 674 1449 707 commento
1489 677 1603 708 cum

196 732 356 777 nullus
382 729 573 777 causam
593 727 820 777 veniendi
842 727 901 775 ad
933 742 1165 775 extremas
1196 729 1404 775 Romani
1434 727 1603 774 limitis

197 814 380 863 partes,
417 799 516 846 iam
545 797 855 862 poffessbrem
881 816 994 844 cum
1029 797 1247 861 plurimis
1278 796 1478 844 auderet
1503 796 1603 843 exi-

199 886 335 931 gere,
374 886 458 931 per
482 867 741 914 familiares
768 866 894 914 fidos
915 866 1195 930 peritosque
1216 866 1365 912 naudi
1398 865 1603 913 occultis

198 936 339 1001 saepe
374 937 635 1000 colloquiis
677 938 718 1001 ⁴)
761 954 872 982 cum
909 933 1207 998 Tamsapore
1250 935 1458 995 habitis,
1517 933 1604 998 qui

198 1019 380 1052 tractus
413 1022 579 1052 omnes
609 1004 832 1053 adversos
863 1003 1000 1050 ducis
1028 1003 1260 1067 potestate
1293 1017 1408 1051 tuuc
1438 1004 1605 1050 tueba-

199 1088 303 1135 tur,
341 1088 387 1120 et
413 1087 550 1119 antea
570 1076 818 1138 cognitus,
848 1071 984 1119 niiss‘o
1007 1091 1033 1118 a
1055 1071 1443 1136 Perficiscastris
1475 1071 1604 1118 auxi-

196 1143 273 1205 lio
293 1145 509 1189 virorum
531 1144 828 1205 pernicium,
857 1141 1031 1187 lembis
1051 1140 1328 1204 impolitus,
1367 1159 1479 1188 cum
1506 1159 1606 1187 om·

198 1212 250 1257 ui
271 1212 306 1275 ⁵)
334 1225 561 1276 penatum
583 1209 843 1258 dulcedine
877 1223 1020 1255 nocte
1042 1209 1294 1254 concubiat
1313 1210 1607 1268 transfretat,

202 1279 241 1344 ⁶)
266 1298 313 1327 re
334 1279 603 1339 contraria,
637 1279 796 1344 specie
827 1276 1013 1342 Zopyri
1042 1276 1171 1323 illius
1204 1274 1371 1324 similis
1400 1277 1608 1343 Babylo-

204 1349 272 1394 nii
299 1348 582 1413 proditoris.
1281 1351 1284 1354 ’

162 1414 190 1465 4
308 1419 469 1465 Rebus
505 1435 591 1481 per
619 1413 1025 1478 Mesopotamiam
1056 1414 1104 1460 111
1142 1414 1274 1460 hunc
1312 1414 1485 1461 statum
1530 1413 1610 1462 de-

205 1487 389 1548 ductis,
421 1486 636 1532 Palatina
660 1484 839 1530 cohors
864 1482 1162 1548 palinodiam
1190 1483 1241 1529 111
1268 1483 1469 1530 exitium
1495 1501 1614 1530 con-

203 1557 370 1602 cineus
420 1555 663 1609 nostr-um,
720 1553 907 1599 invenit
949 1552 1147 1598 tandem
1192 1551 1353 1598 ansam
1397 1551 1609 1602 nocendi

204 1623 459 1670 sortissimo
490 1622 622 1677 viro,
666 1634 862 1667 auctore
893 1635 940 1667 et
966 1621 1222 1667 incitatore
1253 1634 1398 1667 coetu
1440 1620 1612 1685 spado·

207 1711 351 1738 num:
394 1691 475 1755 qui
510 1691 600 1737 feri
630 1703 676 1735 et
706 1690 743 1752 ⁷)
776 1687 903 1735 acidi
933 1687 1144 1752 semper,
1189 1703 1506 1753 carentesque
1529 1708 1612 1739 ne·

206 1760 570 1808 celsitudinibus
602 1758 828 1817 caeteris,
875 1756 1065 1804 divitias
1090 1757 1213 1804 solas
1243 1772 1297 1804 ut
1323 1758 1498 1806 filiolas
1541 1759 1613 1806 iu-

164 1829 513 1876 5cundissimas
533 1828 904 1891 amplectuntur.
986 1826 1229 1890 Stetitque
1260 1825 1520 1887 sententia,
1557 1842 1614 1875 ut

207 1898 498 1945 Sabinianus
519 1897 672 1943 vietus
694 1894 893 1959 quidem
918 1894 1057 1942 senex
1083 1909 1130 1942 et
1161 1896 1284 1941 bene
1315 1909 1610 1957 nummatus,

210 1967 293 2014 l'ed
314 1966 526 2013 imbellis
551 1979 596 2011 et
620 1965 818 2028 ignavus
834 2001 845 2023 ,
878 1978 924 2009 et
944 1965 1003 2008 ab
1025 1962 1328 2026 impetranda
1352 1963 1614 2027 magisterii

211 2035 444 2098 dignitate
478 2052 560 2098 per
593 2031 935 2080 obscuritatem
965 2031 1124 2078 adhuc
1170 2032 1314 2095 longe
1358 2032 1611 2095 discretus,

213 2102 565 2168 praeficiendus
601 2102 717 2148 Eois
753 2100 969 2164 partibus
1010 2101 1310 2147 mitteretur:
1363 2100 1612 2150 Ursicinus

210 2191 326 2220 vero
354 2186 605 2220 curaturus
643 2169 909 2234 pedestrem
946 2169 1196 2230 militiam,
1243 2182 1290 2215 et
1317 2167 1612 2218 successurus

211 2241 524 2302 Barbationi,
568 2240 629 2286 ad
657 2238 939 2285 comitatum
969 2251 1313 2297 reverteretur,
1355 2256 1454 2302 quo
1480 2257 1615 2302 prae-

212 2310 317 2357 sens
341 2329 501 2358 rerum
522 2326 757 2356 novarum
779 2306 944 2354 avidus
977 2307 1225 2367 concitor,
1270 2320 1324 2352 ut
1353 2306 1612 2369 iactabant,

217 2398 241 2425 a
264 2380 489 2442 gravibus
509 2377 719 2424 11111111οἰ3
742 2389 787 2422 et
811 2375 1083 2422 metuendis
1102 2374 1426 2422 incesseretur.

174 2451 201 2492 G
315 2450 447 2495 Dum
478 2449 598 2495 hacc
630 2447 679 2492 111
706 2444 865 2491 castris
896 2445 1161 2491 Constantii
1192 2442 1323 2509 quafi
1361 2461 1445 2507 per
1467 2444 1613 2492 lustra

218 2531 422 2580 aguntur
440 2530 487 2565 ct
505 2516 711 2576 scenam,
747 2527 793 2560 et
818 2511 1097 2561 diribitores
1112 2512 1428 2561 venumdatae
1448 2511 1609 2561 subito

265 2703 302 2742 3)
339 2703 388 2736 al.
420 2702 625 2742 liberisque,
690 2705 726 2748 4)
752 2698 827 2733 ¹Ms.
858 2712 937 2733 cum
966 2710 1035 2734 mm
1062 2700 1198 2749 sapore.
1250 2704 1288 2749 5)
1313 2703 1364 2737 al.
1398 2714 1608 2750 poenarum.

216 2749 256 2792 G)
284 2748 352 2781 Ms.
381 2762 441 2783 rex
467 2761 617 2785 contras.
677 2752 718 2797 7)
746 2745 814 2781 ΜΓ.
844 2757 878 2782 et
905 2747 1026 2793 Steph.
1068 2749 1173 2784 acidi.
