1727 3144
257 180 696 213 eonsTAN'nUs
728 181 802 211 ET
838 180 1149 212 IULIANUS.
1223 168 1338 213 556.
1442 182 1502 226 77

97 281 226 350 Quia
245 290 394 356 igitur
416 307 491 339 res
511 308 740 355 magnae,
778 308 896 356 quas
919 294 1006 355 per
1028 289 1213 339 Gallias
1234 290 1412 338 virtute
1440 291 1507 338 fe·
1521 305 1550 334 2

93 361 377 426 licitateque
406 361 648 421 conexit,
689 361 855 407 multis
884 373 1104 408 veterum
1132 359 1271 406 factis
1293 359 1504 407 fortibus

95 430 360 495 praestant,
418 428 602 493 fingula
648 427 768 477 serie
808 429 1154 494 progrediente
1207 427 1504 490 monstrabo,

94 499 409 547 instrumenta
432 498 596 546 omnia
618 498 916 545 mediocris
903 517 986 562 1n¹r
990 499 1111 558 enii,
1147 498 1184 544 fi
1213 466 1504 557 ffiffecerirzit

91 582 446 616 commoturus.
530 565 793 632 Quidquid
825 576 988 615 autem
1017 565 1318 626 narrabitur,
1369 565 1551 629 quedl}

93 654 194 684 non
213 636 392 684 falsitas
423 650 590 701 arguta
614 636 904 697 concinnat,
941 635 1027 683 fed
1064 638 1187 684 fides
1219 636 1408 699 integra
1437 654 1505 682 re‘

16 716 47 746 «ἱ
93 722 203 753 rum
245 704 476 766 absolvit,
536 704 844 753 documentis
887 706 1199 753 evidentibus
1235 704 1386 764 fulta,
1443 703 1504 750 ad

91 773 387 821 laudativam
433 792 587 838 paene
636 773 886 823 materiem
921 775 1200 839 pertinebit.
1294 774 1550 837 Videtur4

92 843 221 891 enim
251 843 330 891 lex
360 843 603 921 quaedam
634 843 762 891 vitae
790 844 1009 891 melimis
1046 844 1180 892 hunc
1215 843 1458 890 iuvenem·
1478 864 1506 889 a

91 912 343 959 nobilibus
371 912 509 959 cunis
546 911 766 982 adusque
803 911 1030 978 spiritum
1067 913 1302 961 comitata
1342 910 1505 975 supre-

90 999 244 1028 mum.
314 980 571 1047 Namque
615 981 929 1030 incrementis
963 984 1216 1031 velocibus
1259 982 1324 1028 ita
1367 980 1504 1028 domi

89 1050 309 1116 forisque
341 1051 573 1110 colluxit,
613 1065 670 1098 ut
711 1049 971 1116 prudentia
1007 1052 1078 1114 [V
1082 1051 1312 1116 espaham
1351 1050 1505 1111 filius]

91 1118 236 1166 Titus
257 1120 379 1167 alter
398 1119 745 1183 aestimaretur,
780 1122 1026 1170 bellorum
1047 1120 1267 1186 gloriosis
1286 1119 1503 1167 curtibus

89 1187 290 1235 Traiani
321 1188 620 1250 fimillimus,
663 1190 877 1238 clemens
905 1205 962 1238 ut
991 1191 1301 1249 Antoninus,
1345 1202 1504 1236 rectae

89 1257 435 1322 perfectaeque
487 1253 688 1306 rationis
724 1259 958 1323 indagine
996 1276 1270 1323 congruens
1319 1257 1504 1316 Mar-co,

90 1324 156 1372 ad
182 1325 322 1373 cuius
348 1326 725 1374 aemulationem
755 1329 797 1391 ²)
835 1343 969 1374 actus
1005 1327 1114 1373 suos
1159 1328 1419 1391 effingebant
1459 1339 1506 1372 et

90 1411 270 1442 mores.
342 1394 404 1440 Et
426 1395 687 1459 quoniam,
718 1409 774 1441 ut
798 1394 1026 1442 Tulliana
1049 1395 1195 1442 docet
1223 1396 1504 1451 auctoritas,
1521 1401 1549 1446 5

91 1462 317 1510 omnium
345 1481 630 1528 magnarum
661 1464 837 1510 artium
873 1464 995 1511 licut
1028 1465 1258 1511 arborum
1294 1464 1503 1511 altitudo

91 1549 182 1578 nos
203 1531 436 1593 delectat,
467 1531 654 1578 radices
673 1532 942 1597 stirpesque
972 1551 1070 1580 non
1096 1533 1241 1580 item:
1282 1532 1507 1598 fic'prae-

93 1601 251 1648 clarae
272 1600 418 1647 huius
437 1599 619 1647 indolis
647 1600 923 1647 rudimenta
946 1615 1061 1647 tunc.
1092 1601 1258 1647 multis
1295 1602 1506 1648 obnubi·

89 1669 304 1717 lantibus
327 1669 632 1733 tegebantur,
669 1686 794 1732 quae
816 1669 1046 1716 anteferri
1069 1669 1208 1734 gestis
1221 1669 1324 1716 eius
1347 1670 1508 1734 postea

89 1738 256 1785 multis
284 1752 332 1785 et
364 1737 500 1784 miris
529 1737 624 1785 hac
655 1739 842 1786 ratione
874 1738 1138 1796 deberent,
1175 1738 1312 1803 quod
1343 1740 1508 1786 adule-

86 1804 224 1854 scens
254 1806 557 1872 primaevus,
604 1820 660 1854 ut
699 1807 1005 1855 Erechtheus
1035 1808 1085 1854 in
1117 1807 1295 1856 secessu
1323 1808 1505 1856 Miner-

92 1893 177 1923 vae
198 1875 436 1937 nutritus,
467 1893 523 1923 ex
541 1875 818 1924 academiae
847 1878 1025 1942 quietis
1044 1878 1372 1939 umbraculis,
1403 1896 1506 1925 non

91 1962 117 1991 e
146 1944 347 1991 militari
377 1945 718 2005 tabernaculo,
771 1946 821 1992 in
855 1948 1106 2024 pulverem
1145 1947 1380 1993 Martium
1410 1961 1505 1994 tra-

49 2071 51 2074 ·
88 2027 222 2075 ct,us
252 2013 394 2061 strata
416 2014 706 2075 Ge1mania,
745 2017 1025 2080 pacatisque
1051 2015 1250 2077 ligentis
1274 2016 1309 2080 ³)
1343 2015 1504 2065 Rheni

90 2100 166 2130 mc
172 2082 355 2143 atibus,
390 2096 590 2130 cruenta
610 2081 898 2147 spirantium
921 2103 1003 2148 re(
1007 2104 1090 2131 um
1112 2085 1193 2131 hie
1221 2084 1331 2149 Γ’111«
1319 2086 1503 2133 niuem

89 2150 245 2212 ludit,
278 2151 396 2198 alibi
415 2171 586 2199 manus
604 2155 647 2218 ⁴)
668 2154 850 2200 catenis
872 2152 1074 2201 adflixit.

189 2220 258 2267 ΙΙ.
289 2222 489 2284 Agens
479 2235 642 2286 ltaque
675 2222 974 2287 negotiolam
1003 2224 1217 2271 hiemem
1250 2221 1380 2286 apud
1418 2239 1502 2284 op-
1523 2242 1542 2268 1

91 2287 264 2353 pidum
292 2304 400 2336 ante
427 2289 640 2353 dictum,
671 2291 798 2339 inter
828 2310 1073 2353 rumores,
1113 2293 1197 2357 qui
1233 2292 1504 2338 volitabant

91 2357 304 2419 adfidui,
361 2360 605 2422 comperit
646 2361 989 2424 Augustoduni
1029 2362 1238 2409 civitatis
1278 2359 1504 2424 antiquae

91 2444 283 2487 muros,
315 2425 509 2490 spatiosi
532 2427 732 2492 quidem
752 2431 988 2491 ambitus,
1028 2431 1113 2478 led
1145 2430 1271 2476 cuie
1304 2427 1506 2475 vetulta.

94 2494 162 2558 tis
181 2495 453 2557 inualidos,
495 2498 815 2546 barbarorum
845 2501 1033 2563 impetu
1073 2498 1327 2562 iepcntino
1362 2495 1503 2544 inses-

94 2562 193 2626 sos,
239 2578 465 2630 torpente
496 2565 820 2630 p1ael'cntium
857 2569 1071 2615 militum
1109 2585 1284 2627 manu,
1325 2580 1505 2614 vetera-

126 2750 184 2799 2)
197 2753 282 2832 n<tl
294 2765 333 2786 a·
329 2764 392 2788 -tus
429 2750 538 2801 affing
543 2752 633 2789 chat.
686 2756 724 2800 3)
750 2751 819 2787 Ms.
846 2753 878 2787 Pr
882 2752 966 2787 beni
995 2752 1184 2789 meatibus.
1243 2755 1280 2798 4)
1308 2747 1375 2786 ΜΓ.
1410 2735 1506 2785 cate--

98 2795 132 2827 ni
138 2807 151 2829 ⁵
175 2809 194 2829 a
223 2807 311 2834 unt
