1727 3144
141 147 271 178 vax„
304 144 592 177 GRATIAN.
636 147 708 176 ET
743 146 1006 178 VALENT.
1047 147 1093 179 2.
1165 134 1279 194 578.
1377 135 1472 180 605

68 256 155 319 qui
186 254 264 303 die
299 256 558 320 praeterito
590 255 650 303 ad
675 273 756 303 eos
779 254 1080 318 desecerant,
1125 258 1381 335 pellexere,
1405 264 1470 306 'ut

69 324 288 372 limulata
325 326 438 389 fuga
479 325 610 373 velut
650 323 711 370 ad
752 327 950 390 propria
989 341 1278 385 remeantes,
1345 329 1470 374 intra

67 410 234 440 muros
246 392 422 458 suscipi
441 393 488 441 se
511 407 748 454 curarent,
777 393 1064 460 ingiessique
1085 396 1288 443 latente1
1309 414 1471 461 quam-

70 460 183 508 dam
206 462 522 510 incenderent
540 476 751 527 paitem:
788 477 842 509 ut
864 477 1113 528 tamquam
1142 464 1274 527 ligno
1309 478 1469 511 eiecto

71 531 332 591 occultius,
393 531 512 579 dum
564 531 693 579 ciica
746 531 1142 597 exstinguendum
1189 532 1472 580 incendium

69 597 369 663 distringitur
388 599 655 648 multitudo
677 598 974 664 clausorum,
1000 601 1167 648 civitas
1199 601 1233 665 ³)
1258 619 1472 665 perrum-

67 682 264 732 peretur
285 669 674 734 impropugnata.
740 667 999 716 Perrexere
1014 706 1026 728 ‚
1067 684 1121 716 ut
1141 669 1365 717 statutum
1389 670 1470 729 est,

71 735 350 785 Candidati:
391 754 602 801 cumque
643 751 799 798 prope
831 735 971 782 foss'as
1000 737 1255 798 veniss'ent,
1303 757 1472 785 manus

68 804 323 852 tendentes
356 819 673 867 orantesque,
724 816 780 849 ut
809 801 1056 850 Romanos
1090 803 1242 852 semet
1281 805 1475 852 admitti

66 871 346 938 poscebant.
438 871 500 918 Et
539 870 722 934 recepti
764 871 907 935 (quia
954 872 1084 918 nulla
1125 886 1225 919 erat
1264 871 1473 936 suspicio

68 959 192 1006 quae
215 941 416 1006 vetaret)
436 939 819 1004 interrogatique
846 938 990 1003 super
1013 940 1221 987 confiliis
1243 940 1471 1003 hostium,

70 1011 340 1057 variarunt:
372 1008 503 1056 unde
536 1009 716 1056 factum
755 1007 843 1067 est,
882 1022 936 1054 ut
958 1023 1158 1056 cruenta
1196 1009 1473 1074 quaestione

70 1079 253 1140 vexati,
283 1078 556 1126 cervicibus
576 1077 790 1142 perirent
807 1076 1027 1139 abscisis,
1057 1077 1178 1144 quid
1207 1079 1362 1129 acturi
1394 1097 1472 1128 ve-

68 1162 237 1196 nerant
257 1162 420 1211 aperte
442 1147 654 1194 confeffi.

168 1216 319 1263 Omni
339 1216 502 1281 itaque
520 1214 738 1264 bellandi
765 1215 1000 1280 adparatu
1028 1216 1348 1280 praestructo,
1391 1216 1471 1264 ad-

69 1299 294 1334 ventante
329 1285 491 1349 vigilia
520 1286 685 1346 tertia,
733 1285 956 1349 barbari,
985 1286 1170 1334 abolito
1193 1288 1476 1350 praeterito-

68 1374 179 1402 rum
198 1355 452 1403 vulnerum
476 1368 606 1401 metu
622 1392 634 1414 7
668 1354 718 1400 in
737 1355 873 1401 urbis
897 1354 1142 1403 obseratos
1166 1355 1324 1403 aditus
1353 1356 1474 1402 mul-

1490 682 1516 721 9

1492 1243 1544 1271 10

69 1424 299 1488 tiplicatis
329 1424 584 1471 ordinibus
619 1422 943 1483 inundarunt,-
994 1438 1039 1471 et
1076 1427 1116 1488 ⁴)
1151 1425 1494 1472 obstinatione

69 1492 368 1558 magnatium
407 1492 606 1539 maiore.
686 1492 754 1538 At
785 1511 896 1539 cum
930 1493 1121 1539 armatis
1154 1494 1475 1557 provinciales

72 1576 118 1609 et
139 1561 336 1626 palatini
362 1561 424 1608 ad
447 1560 727 1609 obruendos
756 1578 838 1608 eos
862 1562 1108 1608 excitatius
1134 1560 1474 1625 exsurgebant:

72 1645 119 1678 et
148 1631 384 1694 cuiusque
415 1629 552 1677 modi
580 1630 702 1687 tela,
743 1630 793 1676 in
825 1631 1136 1678 multitudine
1164 1644 1292 1677 tauta
1313 1631 1390 1678 vel
1408 1645 1475 1678 te-

68 1717 203 1747 mere
226 1698 378 1756 miss'a,
413 1698 585 1747 cadere
607 1698 705 1746 [ine
725 1717 848 1746 noxa
870 1717 966 1747 non
992 1713 1227 1763 poterant.
1303 1699 1473 1746 Anim-

70 1766 325 1816 adversum
359 1767 424 1815 est
458 1787 483 1814 a
517 1768 714 1828 nostris,
756 1768 930 1816 iisdem
963 1768 1070 1815 telis
1120 1768 1346 1815 barbaros
1386 1769 1476 1829 uti,

72 1837 250 1903 quibus
270 1838 572 1901 petebantur.
648 1836 864 1902 Ideoque
885 1836 1165 1884 mandatum
1188 1837 1267 1897 est,
1297 1850 1352 1882 ut
1372 1854 1478 1884 ner-

71 1925 142 1954 vis
169 1907 352 1953 ferrum
391 1906 698 1975 lignumque
714 1906 1115 1954 connectentibus
1152 1918 1283 1951 ante
1280 1905 1477 1952 iactum

72 1974 259 2035 incisis,
301 1974 636 2032 emitterentur
665 1993 780 2020 arcu
811 1973 1032 2036 sagittae.
1073 1990 1196 2036 quae
1221 1953 1474 2020 volitantes

73 2044 197 2091 vires
218 2043 426 2120 integras
447 2042 775 2090 inservabant:
817 2042 991 2089 infixae
1021 2059 1135 2089 velo
1166 2042 1473 2104 corpoiibus,

72 2112 198 2160 nihil
220 2111 398 2174 vigoris
422 2110 712 2175 perdebant,
747 2123 829 2157 aut
856 2127 1011 2170 certe,
1051 2109 1087 2156 fi
1119 2107 1435 2155 cecidissent
1427 2128 1475 2156 in

76 2199 279 2240 vanum,
309 2179 443 2226 illico
462 2179 822 2242 frangebantur.
891 2178 1044 2227 Dedit
1063 2191 1221 2225 autem
1243 2178 1418 2225 r‘ebus
1408 2193 1472 2225 1ta

75 2249 386 2313 flagrantibus
418 2265 558 2312 grave
592 2261 893 2296 momentum
923 2247 1056 2295 casus
1101 2244 1367 2293 admodum
1400 2249 1472 2295 in-

77 2318 270 2383 opinus.
340 2315 550 2382 Scorpio
572 2334 719 2381 genus
743 2317 996 2378 tormenti,
1044 2334 1188 2381 quem
1222 2315 1474 2379 Onagrum

76 2387 234 2435 sermo
265 2386 474 2450 vulgaris
508 2385 744 2450 adpellat,
786 2404 810 2435 e
845 2387 1038 2451 regione
1071 2398 1238 2432 contra
1262 2384 1474 2432 hostium

78 2457 232 2503 aciem
256 2454 451 2503 densam
473 2455 684 2512 locatus,
717 2455 931 2520 lapidem
946 2452 1176 2502 contorfit
1202 2453 1474 2516 ingentem:

80 2526 164 2590 qui
184 2525 300 2572 licet
317 2524 471 2571 humo
494 2523 662 2571 frustra
683 2524 831 2572 illisus
855 2524 944 2585 est,
978 2523 1102 2571 visus
1120 2536 1279 2569 tannen
1302 2524 1366 2569 ita
1391 2541 1473 2570 eos

79 2607 212 2640 metu
242 2593 556 2654 exanimavit,
600 2606 653 2639 ut
675 2592 868 2657 stupore
887 2591 1146 2656 spectaculi
1170 2591 1285 2637 novi
1301 2590 1476 2638 ceden-

81 2675 151 2709 tes
171 2679 195 2710 e
214 2661 402 2722 medio,
432 2662 565 2710 abire
590 2675 843 2711 tentarent.
913 2661 1013 2709 Sed
1033 2659 1251 2725 buccinis
1273 2661 1477 2724 optima-

125 2779 163 2822 3)
182 2775 248 2810 Ms.
269 2786 574 2825 prorumperetur.
599 2783 637 2826 44)
648 2773 715 2810 Ms.
730 2773 1003 2810 obstinationem
1014 2771 1256 2819 magnautium
1268 2782 1363 2806 mato
1373 2784 1414 2806 ea
1425 2784 1473 2805 re.

1496 1724 1538 1751 11

1495 2198 1547 2228 12

1498 2661 1547 2704 15
