1727 3144
541 126 939 184 iunranus.
1013 139 1128 184 562.
1204 200 1207 201 ⁷
1420 156 1518 204 279

106 259 250 308 dibus
281 262 576 326 peragravit:
631 261 745 309 dein
784 259 1142 326 Lampsacum,
1196 260 1517 313 Themistocli

103 329 236 377 dono
265 330 426 378 datam
456 349 480 376 a
523 349 634 395 rege
672 330 954 391 Persarum,
1012 344 1060 379 et
1101 329 1308 391 Parion,
1365 352 1510 396 quam

101 397 329 446 condidit
385 399 584 447 Iasionis
632 401 764 448 filius
812 400 998 448 Parius.
1071 398 1220 447 Unde
1267 400 1507 451 semiorbe
1527 416 1556 460 5

99 468 384 516 curvescens
417 467 728 528 altrinsecus,
769 470 964 534 lataque
1002 468 1222 533 aperiens
1269 483 1509 519 terrarum

100 536 336 598 divortia,
381 538 680 585 circumfluis
707 537 872 602 spatiis
902 536 1237 603 Propontidos
1272 536 1508 602 respergit

98 623 154 653 ex
181 606 288 654 Eoo
312 608 462 654 latere
485 608 740 672 Cyzicum,
769 621 818 655 et
837 606 1110 673 Dindyma,
1150 607 1373 672 religiosa
1407 627 1509 655 ma-

95 674 181 720 tris
212 693 411 739 magnae
445 675 674 736 delubra,
716 689 763 723 et
802 676 1091 739 Apamiam,
1143 676 1411 740 Ciumque,
1459 689 1506 724 et

92 742 324 790 Astacum
353 746 560 808 l'equuto
590 757 810 808 tempore
840 743 1187 791 Nicomediam
1220 763 1247 791 a
1283 763 1395 809 rege
1423 763 1506 793 co-

92 811 454 874 gnominatam:
492 812 656 875 quain
685 812 910 860 occasum
937 812 1188 877 procedit,
1227 813 1505 869 ,Cherrone-

87 878 194 926 sum
216 879 374 944 pulsat
399 895 447 927 et
469 882 938 946 Aegos-potamovS,
967 882 1019 928 in
1045 899 1144 946 quo
1165 882 1278 941 loco
1311 883 1501 947 lapides

87 947 284 997 casuros
307 968 362 997 ex
383 951 518 997 caclo
551 950 791 1014 praedixit
825 951 1134 1015 Anaxagoras
1150 987 1167 1009 ,
1217 966 1264 998 et
1292 951 1504 1018 Lysima-

87 1017 275 1079 chiam,
307 1032 355 1066 et
374 1019 653 1078 civitatem,
685 1038 833 1084 quam
863 1020 1102 1068 Hercules
1131 1019 1382 1069 conditam
1412 1022 1501 1068 Pe-

87 1087 240 1134 rinthi
262 1088 456 1135 comitis
477 1087 551 1135 sui
577 1090 841 1137 memoriae
874 1088 1134 1137 dedicavit.
1214 1089 1276 1135 Et
1306 1104 1361 1137 ut
1391 1091 1546 1140 effe-6

87 1170 192 1204 ctae
223 1158 494 1222 plenaeque
525 1164 569 1212 Φ
601 1159 790 1206 litterae
816 1161 971 1223 figura
1002 1157 1242 1218 servetur,
1272 1159 1323 1205 in
1346 1158 1501 1206 medi-

86 1226 229 1273 tullio
253 1226 358 1289 ipso
380 1227 694 1275 rotunditatis
715 1226 1018 1276 Proconesus
1047 1226 1200 1274 insula
1230 1227 1296 1274 est
1325 1228 1498 1275 oblon-

86 1313 171 1357 ga,
207 1309 254 1341 ct
274 1295 528 1343 Besbicus.

185 1364 300 1411 Post
326 1364 464 1410 cuius
495 1364 823 1426 summitatem
862 1365 912 1410 in
953 1364 1188 1428 angustias
1229 1362 1388 1411 rursus
1422 1379 1543 1423 eit-7

84 1446 364 1494 tenuatum,
393 1432 644 1497 Europam
664 1447 711 1481 et
731 1433 1010 1499 Bithyniam
1031 1436 1380 1491 intercurrens,
1407 1450 1495 1497 per

86 1501 428 1562 Chalcedona,
468 1500 837 1566 Chrysopolim,
881 1515 928 1548 et
956 1503 1179 1550 stationes
1209 1503 1378 1549 transit
1409 1502 1496 1549 ob-

82 1571 262 1618 scuras.
335 1570 463 1618 Nam
484 1569 740 1634 supercilia
761 1570 862 1617 eius
884 1568 1064 1617 sinistra
1090 1571 1301 1635 Athyras
1323 1585 1493 1634 portus
1508 1578 1536 1620 8

83 1639 329 1704 despectat
349 1653 397 1687 et
419 1638 722 1704 Selymbria,
761 1652 808 1685 et
841 1639 1313 1702 Constantinopolis,
1353 1654 1491 1686 vetus

82 1709 396 1773 Byzantium,
434 1707 712 1756 Atticorum
742 1706 963 1768 colonia,
1004 1721 1052 1755 et
1091 1709 1491 1772 promuntorium

83 1780 228 1825 Ceras
283 1778 647 1842 praelucentem
693 1776 897 1823 navibus
940 1777 1123 1824 vehens
1166 1776 1490 1824 constructam

80 1845 250 1895 cellius
271 1848 476 1894 turrim:
513 1860 814 1911 quapropter
845 1846 1040 1894 Ceratas
1074 1845 1347 1910 adpellatur
1376 1863 1489 1891 ven-

79 1931 157 1965 tus
183 1913 299 1963 inde
319 1914 482 1964 suetus
502 1915 620 1963 oriri
647 1914 970 1980 praegelidus.

175 1984 290 2034 Hoc
309 1984 461 2033 modo
482 1985 689 2031 fractum
703 2022 715 2044 ,
745 1998 793 2031 et
813 1983 1185 2048 participatione
1205 1982 1350 2029 maris
1371 1981 1486 2029 utri-
1505 2000 1531 2040 9

80 2073 235 2120 usque
260 2055 455 2101 finitum
469 2090 486 2111 ,
537 2055 733 2118 iamque
771 2052 1052 2114 mitescens,
1100 2053 1151 2099 in
1192 2069 1485 2116 aequoream

12 2142 16 2143 ⁷
78 2124 309 2188 panditur
336 2123 538 2182 faciem,
581 2136 817 2187 quantuni
856 2123 1014 2188 potest
1051 2121 1225 2169 cadere
1269 2119 1357 2166 sul)
1403 2119 1485 2165 ad-

76 2193 323 2255 spectum,
369 2192 463 2239 late
506 2191 735 2239 diffusum
770 2205 816 2238 et
857 2195 1016 2255 longe.
1108 2190 1283 2238 Omnis
1324 2203 1481 2234 autem
1505 2215 1557 2243 10

78 2263 180 2310 eius
205 2261 333 2310 velut
352 2259 571 2307 insularis
588 2260 819 2307 circuitus
838 2262 1031 2308 littorea
1057 2258 1299 2322 navigatio
1332 2257 1484 2320 vigin-

78 2332 115 2378 ti
133 2331 288 2377 tribus
317 2327 532 2377 dimensa
556 2329 773 2376 millibus
797 2328 1062 2377 stadiorum
1078 2366 1090 2390 ,
1131 2342 1184 2374 ut
1213 2324 1485 2372 Eratosthe-

77 2419 162 2448 nes
185 2399 428 2459 adfirmat,
465 2412 512 2446 et
532 2398 827 2459 Hecataeus,
869 2414 916 2446 et
936 2399 1270 2452 Ptolffluaeus,
1301 2393 1482 2459 aliique

75 2468 363 2516 huiusmodi
384 2467 720 2531 cognitionum
747 2466 1046 2514 niinutillimi
1074 2465 1362 2512 scrutatores
1379 2501 1391 2524 ,
1429 2463 1481 2509 in

75 2537 288 2602 speciem
322 2536 542 2602 Scythici
577 2553 714 2583 arcus
742 2554 893 2584 nervo
924 2533 1248 2598 coagmentati
1286 2549 1482 2596 geogra-

77 2607 221 2670 phiae
243 2606 392 2652 totius
414 2604 692 2652 adseulionc
712 2604 964 2653 formatur.
1038 2603 1099 2649 Et
1131 2619 1225 2666 qua
1248 2600 1320 2648 sol
1344 2619 1479 2651 ocea-
1502 2626 1549 2654 η

80 2693 144 2722 no
180 2674 388 2738 exsurgit
418 2674 548 2735 Eoo,
595 2672 855 2739 paludibus
894 2671 1133 2721 clauditur
1173 2669 1477 2720 Maeotidos:
