1727 3144
556 152 939 184 ιυιιΑΝυε.
1013 138 1129 184 565.
1448 142 1546 204 559

132 263 362 313 Omnibus
381 263 614 310 infirmati
625 299 641 320 ,
672 262 821 309 vitam
840 273 1001 308 morte
1031 259 1346 310 funestiorem
1379 267 1548 328 paulli-

131 333 272 397 sper,
332 331 450 379 dum
483 332 830 392 caederentur,
894 343 1108 395 egerunt.
1201 330 1452 380 Extractus
1480 336 1545 382 est
1565 344 1620 386 26

134 416 295 448 autem
316 401 452 449 vivus
482 420 594 448 cum
615 400 901 448 satellitibus
931 417 1064 446 Lxxx.
1096 398 1347 446 Nabdates
1383 404 1548 464 praeli-

132 470 330 523 diorum
349 471 602 535 magister,
635 487 781 535 quem
807 470 1024 517 oblatum
1056 467 1146 515 fibi
1176 487 1289 516 cum
1318 469 1421 515 aliis
1451 470 1546 520 scr-

131 540 232 587 vari
253 538 385 586 iusfit
400 540 637 587 intactum
656 537 849 586 serenus
865 538 1140 604 Imperator
1162 551 1210 585 et
1231 538 1459 586 clemens.

226 607 392 655 Divisa
411 608 576 673 itaque
599 606 846 672 perpenlis
865 607 1052 655 meritis
1072 620 1121 655 et
1138 607 1390 654 laboribus
1412 626 1546 672 prae-

135 677 212 734 da,
245 676 347 741 ipse
367 691 422 723 ut
449 691 551 724 erat
582 693 733 740 parvo
765 689 1048 735 contentus,
1100 690 1292 723 mutum
1338 694 1547 741 puerum

133 746 350 791 oblatum
387 745 477 792 fibi
513 744 725 809 luscepit
765 741 1148 807 gesticularium,
1189 746 1366 808 multa,
1420 764 1544 811 quae

127 814 345 875 callebat,
368 813 569 860 nutibus
590 810 927 861 venustisfimis
948 813 1285 892 explicantem,
1320 828 1376 862 et
1373 815 1543 861 tribus

132 882 288 930 aureis
327 881 541 929 nummis
578 896 745 948 partae
787 882 1022 930 victoriae
1066 884 1337 947 piaemium
1374 884 1544 932 iucun-

127 949 272 1020 dum,
322 965 378 999 ut
408 951 733 1013 existimabat,
780 964 829 998 et
861 965 1066 1015 gratum.
1168 952 1239 999 Ex
1271 953 1540 1017 virginibus
1559 971 1616 1016 27

126 1034 309 1078 autem,
329 1038 454 1086 quae
468 1019 714 1086 speciosae
733 1018 844 1067 funt
864 1034 1052 1083 captae,
1074 1035 1128 1068 ut
1148 1022 1198 1067 in
1222 1020 1433 1082 Perfide,
1455 1022 1543 1069 ubi

125 1088 419 1137 feminarum
454 1089 779 1156 Ρ11101111111ᾱο
820 1089 1038 1150 excellit,
1112 1107 1201 1137 nec
1241 1104 1542 1138 contiectare

126 1157 342 1223 aliquam
368 1159 552 1221 voluit,
591 1176 682 1206 nec
717 1157 912 1208 videre:
963 1158 1295 1206 Alexandrum
1325 1159 1542 1207 imitatus

130 1240 179 1274 et
217 1227 534 1288 Africanum,
586 1228 672 1292 qui
700 1226 823 1274 haec
858 1224 1195 1289 declinabant,
1264 1245 1323 1275 ne
1355 1228 1541 1290 frange-

123 1309 291 1342 rentur
313 1295 608 1360 cupiditate,
657 1297 744 1362 qui
777 1294 828 1343 se
857 1295 1067 1345 invictos
1099 1315 1126 1344 a
1154 1295 1405 1343 laboribus
1433 1297 1541 1344 ubi-

126 1381 222 1430 que
246 1365 602 1429 praestiterunt.

217 1433 353 1481 Inter
380 1433 502 1482 haec
535 1434 796 1482 certamina
828 1433 1014 1481 nostrae
1042 1433 1190 1497 partis
1228 1433 1538 1492 architectus,
1557 1438 1613 1481 23

120 1501 461 1550 cuius-nomen
481 1520 584 1550 non
604 1502 846 1567 suppetit,
882 1501 988 1566 post
1019 1501 1297 1548 machinam
1326 1500 1542 1565 scorpio-

122 1570 198 1619 nis
224 1570 351 1618 forte
374 1570 627 1632 adlistens,
667 1572 980 1618 reverberato
1009 1570 1172 1634 lapide
1192 1606 1204 1629 ,
1249 1588 1397 1634 quem
1428 1569 1541 1616 arti-

120 1639 201 1688 fex
243 1639 512 1687 titubanter
552 1638 801 1703 aptaverat
846 1636 1054 1698 fundae,
1133 1636 1291 1684 obliso
1336 1652 1537 1702 pectore

121 1709 160 1773 ⁸)
201 1706 451 1772 supinatus
490 1707 717 1774 profudit
752 1708 992 1767 animam,
1055 1703 1257 1754 disiecta
1298 1724 1538 1770 compage

118 1778 458 1824 membrorum
483 1775 635 1838 adeo,
677 1791 734 1824 ut
766 1795 826 1826 ne
855 1775 986 1841 figna
1019 1775 1223 1841 quidem
1255 1777 1404 1823 totius
1432 1794 1540 1823 cor-

121 1846 256 1912 polis
281 1844 614 1893 noscerentur.

217 1914 342 1961 Exin
366 1914 591 1978 profecto
614 1913 909 1978 Imperatori
935 1911 1083 1961 index
1105 1913 1411 1962 nuntiaverat
1437 1929 1538 1960 cer-
1556 1930 1613 1973 29

121 1996 226 2041 tus,
255 1982 386 2031 circa
413 2001 581 2031 muros
615 1981 830 2030 subverfi
856 1981 1033 2047 oppidi
1062 1983 1254 2030 fallaces
1296 1983 1459 2029 foveas
1491 1994 1536 2027 et

122 2050 366 2113 obscuras,
386 2053 554 2116 quales
573 2052 626 2099 in
645 2051 877 2099 tractibus
895 2052 992 2098 illis
1012 2050 1122 2115 sunt
1142 2052 1399 2116 plurimae,
1427 2050 1537 2096 sub-

121 2119 291 2168 sediffe
315 2140 516 2169 manum
539 2120 887 2168 infidiam-icem
916 2122 1149 2181 latenter,
1185 2134 1239 2167 ut
1266 2116 1533 2182 improviso

123 2188 238 2236 inde
271 2189 312 2253 ⁹)
341 2203 507 2236 exorta
539 2190 744 2254 agminis
773 2189 924 2237 nostri
954 2203 1088 2253 terga
1110 2189 1276 2236 feriret
1304 2201 1528 2235 extrema.

119 2257 490 2322 Confestimque
510 2258 572 2305 ad
593 2257 942 2306 extrahendam
968 2275 1073 2306 eam
1103 2256 1229 2304 missi
1261 2255 1370 2302 sunt
1397 2272 1529 2302 com·
1547 2262 1607 2307 30

122 2340 291 2392 pentae
319 2325 627 2374 fortitudinis*
654 2326 859 2391 pedites.
939 2328 1041 2391 Qui
1077 2344 1188 2372 cum
1226 2341 1387 2388 neque
1425 2342 1532 2388 pei-

125 2394 302 2447 vadere
321 2395 619 2442 foraminum
642 2395 826 2457 aditus,
855 2414 946 2444 nec
967 2393 1280 2442 amandatos
1270 2406 1399 2438 1111115
1423 2411 1478 2456 pl
1485 2411 1533 2439 o-

123 2464 273 2512 licere
308 2463 496 2529 polI'ent
525 2464 586 2510 ad
612 2463 996 2524 decernendum,
1028 2463 1284 2510 collectam
1311 2460 1532 2526 stipulam

128 2547 176 2580 et
210 2531 445 2580 sarmenta
472 2532 703 2598 specuum
734 2534 955 2581 faucibus
996 2530 1311 2593 adgefferunt.
1391 2529 1530 2577 Unde

128 2602 290 2649 sumus
313 2601 555 2666 angustius
586 2617 868 2667 penetrans,
900 2601 1113 2665 ideoque
1133 2598 1351 2665 spillior,
1390 2616 1533 2664 quos-

178 2765 220 2811 8)
249 2765 372 2813 Steplc.
404 2765 590 2800 sauciatus.
637 2768 675 2813 9)
701 2766 766 2800 Mt.
797 2774 928 2800 exorta.
