1727 3144
193 171 323 201 CXXII
525 169 592 199 ΒΕ
627 168 747 200 virli
797 169 1009 200 AMMIAM
1049 169 1370 201 MARCELLIM.

191 279 312 329 diles
334 276 648 339 dicebantur,
686 277 822 343 quod
842 276 1182 326 aedificiorum
1200 264 1512 345 publicorum
1547 293 1596 327 et

189 349 488 415 privatarum
519 347 714 395 aedium
734 366 902 394 curam
923 346 1187 410 haberent,
1213 364 1269 396 ut
1292 349 1595 397 sacerdota-

190 421 288 476 les,
325 418 410 482 qui
451 415 713 464 sacrorum.
794 417 872 463 De
905 416 1167 464 Aedilibus
1200 418 1477 466 Curialibus
1507 419 1595 464 in-

190 485 471 550 telligenda.
488 486 546 532 L.
571 498 637 533 Ἠ.
674 488 728 533 C.
773 485 828 532 Si
860 484 1052 543 servus,
1110 500 1193 533 aut
1212 488 1375 534 libert.
1400 487 1463 534 ad
1483 488 1596 534 De·-

158 576 292 603 ,‹·.ur.
325 554 466 618 aspir.
495 555 583 601 lib.
624 574 667 601 x.
747 557 875 602 Puto
925 555 1070 601 etiam
1116 556 1445 617 Duumviros,
1503 557 1599 603 five

190 624 498 689 Magistratus
519 625 645 670 inter
670 623 965 688 principales
984 639 1262 672 numeratos
1292 624 1447 685 fuiffe,
1484 626 1599 689 quia

188 695 241 740 in
265 692 472 740 decursu
490 711 750 739 munerum
771 693 955 757 patriae
978 708 1106 740 vetat
1128 694 1404 759 Imperator
1423 712 1449 740 a
1481 693 1601 740 Du-

189 762 462 821 umviratu,
506 762 585 809 vel
613 761 903 810 sacerdotio
933 762 1175 827 incipere,
1218 763 1275 813 L.
1315 781 1497 811 Lxxvn.
1542 764 1597 810 C.

191 832 236 879 T
240 830 391 879 heod.
416 830 476 877 de
499 830 682 877 Decur.
755 831 825 878 Hi
843 850 869 877 a
887 849 1092 897 numero
1114 831 1178 878 fic
1205 832 1462 892 dicuntur,
1506 832 1601 879 Iu-

191 900 424 963 dicesque
448 898 559 946 suut
574 937 586 960 ,
618 914 664 947 et
687 901 1028 947 Decurionum
1050 919 1106 947 ex
1129 901 1304 948 ordine
1330 899 1600 948 sumeban—

189 985 295 1030 tur,
326 969 384 1015 L.
408 986 480 1015 111.
507 969 561 1016 C.
590 968 805 1024 Quando
827 987 1027 1034 provoc.
1100 969 1394 1018 Defensores
1422 984 1601 1030 autem,

189 1038 394 1104 Syndiei
414 1056 470 1084 ao
492 1038 626 1085 velut
644 1038 833 1102 publici
854 1037 1094 1086 delatores
1116 1053 1252 1086 erant
1268 1076 1280 1099 ,
1312 1039 1428 1104 quia
1455 1057 1601 1086 com—

188 1121 327 1172 perta
349 1107 592 1154 referunt:
624 1105 1045 1170 quemadmodum
1063 1108 1326 1155 Duumviri
1348 1109 1496 1156 relata
1516 1109 1601 1154 iu·-

193 1175 382 1236 dieant,
411 1190 494 1221 aut
515 1176 763 1238 plectunt,
799 1175 964 1221 L.x11.
986 1177 1043 1223 C.
1063 1176 1258 1223 Theod.
1286 1174 1346 1223 de
1375 1195 1486 1241 pag.
1519 1177 1603 1241 sa—

191 1244 298 1292 crif.
325 1258 373 1290 et
389 1245 562 1306 templ.
631 1244 712 1290 Illi
733 1258 895 1290 tamen
921 1244 1070 1291 otiam
1100 1243 1161 1291 de
1189 1244 1484 1309 quibusdam
1519 1245 1605 1292 iu—

191 1313 448 1371 dicabam,
491 1311 550 1373 L.
582 1331 617 1358 1.
643 1312 698 1357 C.
725 1311 785 1358 de
809 1310 1017 1369 Defert-s.
1091 1312 1528 1368 Quemadmodum
1558 1329 1606 1362 et

189 1380 457 1428 Duumviri
491 1378 824 1445 Syndicorum
857 1396 1060 1426 munera
1096 1379 1342 1428 subibant.
1430 1382 1606 1447 Itaque

193 1465 240 1498 et
269 1450 524 1514 negotium
553 1448 958 1512 procuratoribus
991 1447 1278 1513 iniungunt,
1321 1464 1439 1515 puta
1463 1465 1606 1499 tuto--

189 1519 356 1577 ribus,
421 1517 857 1582 procuratoribus,
929 1519 1267 1580 curatoribus,
1347 1520 1429 1567 Ls
1461 1538 1505 1566 v.
1547 1521 1605 1568 Si

194 1587 338 1653 quid..
361 1588 412 1632 ff.
460 1583 616 1647 Quod
655 1584 734 1640 vi,
767 1598 851 1630 aut
880 1584 1024 1630 clam.
1113 1586 1255 1634 Unde
1285 1605 1402 1636 vero
1429 1588 1605 1638 Iume-

190 1670 360 1703 rentur
387 1651 712 1710 Defensores,
764 1665 812 1697 et
843 1669 967 1714 quae
1002 1652 1116 1699 ess'et
1149 1655 1298 1701 officii
1338 1674 1510 1704 eorum
1548 1677 1604 1706 ac

190 1721 547 1771 iurisdictionis
572 1722 758 1781 forma,
813 1720 928 1768 Iure
965 1721 1110 1768 Civili
1148 1724 1510 1787 manifestatur,
1555 1727 1603 1774 d.

193 1794 294 1840 Tit.
331 1794 386 1839 C.
423 1790 484 1837 de
511 1787 708 1836 Defens.
746 1789 879 1835 civit.
952 1788 1147 1836 Novell.
1169 1808 1251 1838 xv.
1325 1793 1461 1841 Haec
1484 1796 1609 1844 bre-

190 1863 316 1910 viter
349 1860 411 1907 de
443 1857 760 1924 potestatibus
804 1856 1213 1906 Ammianeorum
1254 1874 1536 1927 temporum
1580 1885 1608 1913 a

191 1930 338 1978 nobis
363 1929 494 1976 dicta
512 1927 655 1973 sunto
674 1945 683 1972 ;
712 1943 769 1973 ex
792 1927 970 1990 quibus
992 1927 1131 1992 Reip.
1153 1929 1284 1977 illius
1311 1932 1471 1980 forma
1492 1934 1606 1981 col-

190 1999 302 2064 ligi,
352 2011 435 2045 aut
463 1996 634 2043 saltem
667 1995 951 2043 adumbrari
993 1997 1218 2060 poterit.‘
1283 1997 1415 2048 Nam
1450 2008 1607 2050 totam

191 2069 429 2132 cuiusque
460 2064 708 2129 dignitatis
738 2065 979 2112 rationem
1009 2064 1261 2131 persequi,
1310 2069 1461 2116 nostri
1504 2089 1607 2119 non

196 2137 263 2183 est
315 2134 550 2185 instituti:
602 2133 741 2196 quod
792 2152 849 2181 ex
888 2134 1079 2181 Notitia
1123 2135 1333 2184 Romani
1385 2138 1607 2204 Imperii,

195 2205 416 2271 quamvis
474 2200 819 2250 Theodosiana
879 2216 1102 2266 tempora
1158 2206 1311 2270 magis
1365 2207 1608 2272 respiciat,

193 2275 413 2339 itemque
434 2290 496 2319 ex
514 2270 646 2318 sexto
674 2284 721 2318 et
739 2269 946 2336 septimo
967 2271 1096 2319 libro
1127 2273 1388 2322 Variarum
1418 2277 1609 2325 Gaffio-

198 2343 336 2404 dori‚
375 2357 422 2390 et
446 2340 567 2390 Cod.
596 2359 628 2387 1.
653 2353 701 2387 et
730 2356 819 2386 ΧΠ.
854 2340 1132 2403 Iustiniani,
1173 2343 1379 2408 aliisque
1407 2346 1608 2393 Aucto-

196 2413 332 2459 ribus
358 2408 680 2475 repetendum
711 2407 902 2456 censeo.
986 2409 1115 2457 Nam
1145 2429 1458 2476 praeparare,
1505 2432 1606 2464 non

200 2482 392 2545 explere
417 2480 703 2539 Lectorem,
731 2478 877 2526 nobis
899 2477 1041 2526 initio
1065 2479 1380 2530 constitutum
1402 2482 1510 2529 fuit.
