1727 3144
170 135 636 167 VAL.GRAT1AN.
675 136 749 167 ET
793 137 1045 168 VALENT.
1088 142 1136 169 2.
1208 128 1322 188 576.
1404 134 1500 194 577

85 245 199 306 hat,
243 246 446 294 iutnoiie
478 245 538 293 acl
568 245 895 311 compaianda
932 247 1082 295 victui
1122 251 1404 316 neceffaria,
1444 271 1499 304 ut

32 358 37 362 .
89 315 265 362 ditioni
287 315 472 363 nostrae
499 316 759 363 obnoxiam
781 332 828 365 et
849 317 1178 377 concordem,
1217 339 1303 384 pei
1326 342 1382 398 pn
1387 343 1439 371 ev.
1445 344 1494 372 es

85 382 282 431 adsidue
338 385 686 449 postulantem:
736 387 953 464 ortisque
1010 388 1274 436 maioribus
1326 395 1492 456 iurgiis

83 456 210 500 intel
237 455 535 511 habitatores
573 469 619 502 et
665 455 863 513 vetitos,
910 455 1128 521 adusque
1166 459 1492 509 neceffitatem

81 521 334 586 pugnandi
365 523 430 570 est
456 537 669 572 ventum.
762 524 1057 591 Efferatique
1085 528 1241 574 acrius
1277 529 1490 591 barbari,

82 608 195 637 cum
218 592 586 641 necessitudines
620 593 857 641 hostiliter
887 596 990 658 rapi
1019 595 1277 657 sentirent,
1321 597 1491 663 spolia-

80 675 194 706 runt
226 660 532 709 interfectam
573 662 784 709 militum
827 681 1038 732 manum.
1131 665 1282 720 Quod
1314 667 1348 731 ³)
1370 669 1493 714 acci·
1512 675 1542 719 6

82 727 200 775 dens
220 730 353 776 idem
377 731 646 794 Lupicinus
666 731 835 776 latenti
861 727 1032 777 nuntio
1060 730 1454 793 doctus,dun1
1444 756 1495 783 ln

77 799 295 861 nepotali
318 798 476 845 meula
498 798 698 843 ludicris
730 800 1134 862 concrepantibas
1165 801 1254 847 diu
1286 803 1385 848 dis(
1376 823 1494 851 um-

18 863 24 872 '
75 866 197 912 bens
218 865 332 913 vino
358 867 602 913 marcebat
626 864 894 913 et'somno:
927 868 1080 914 futuri
1101 870 1368 918 coniicieus
1399 873 1494 919 exi-

74 948 205 993 tum,
238 934 459 982 satellites
482 952 677 995 omnes,
714 935 798 999 qui
818 953 910 998 pro
937 937 1180 999 praetorio
1216 938 1421 988 honoris
1443 956 1490 989 et

73 1004 255 1050 tutelae
274 1003 414 1050 causa
435 1004 581 1050 duces
608 1003 1046 1067 praestolabantur,
1083 1006 1280 1054 occidit.
1355 1009 1487 1058 Hoc·
1505 1024 1535 1071 7

74 1090 169 1137 que
206 1073 445 1136 populus,
496 1073 581 1137 qui
618 1090 785 1119 muros
821 1071 1099 1135 obfidebat,
1152 1075 1376 1124 dolente}
1411 1098 1488 1127 ac-

73 1155 243 1205 cepto,
284 1141 346 1188 ad
377 1141 642 1188 vindictam
673 1141 984 1189 detentorum
1017 1161 1207 1208 regum,
1244 1160 1297 1191 ut
1319 1148 1488 1210 opina-

68 1211 216 1257 batm
229 1247 241 1270 ‚
293 1211 543 1274 paullatim
586 1208 871 1273 augescenS,
926 1183 1096 1260 multaD
1123 1182 1400 1262 mii1ahatu·
1439 1231 1487 1265 et

70 1277 223 1326 saeva.
330 1278 490 1343 thue
530 1293 630 1327 e1at
668 1278 971 1343 Fritigernus
1023 1282 1237 1346 expediti
1277 1284 1484 1346 confilii,

71 1350 280 1406 veritus,
315 1366 374 1395 ne
399 1362 644 1396 teneretur
670 1346 850 1395 obfidis
873 1349 978 1397 vice
1005 1369 1118 1398 cum
1144 1352 1371 1413 caeteris,
1411 1373 1486 1402 ex·

69 1417 318 1477 clamavit,
380 1418 600 1481 graviore
634 1416 950 1496 pugnandum
985 1420 1159 1477 exitio,
1201 1422 1251 1468 ni
1285 1421 1386 1485 ipse
1423 1423 1484 1470 ad

69 1485 354 1533 leniendum
378 1488 548 1551 vulgus
569 1485 803 1533 finenetur
830 1488 957 1534 exire
988 1507 1100 1535 cum
1130 1488 1302 1537 sociis:
1345 1493 1484 1555 quod

69 1555 356 1602 arbitiatum
377 1555 690 1603 humanitatis
709 1554 869 1619 specie
891 1555 1117 1606 ductores
1142 1558 1252 1606 suos
1279 1560 1481 1624 occisos,

69 1623 122 1670 in
174 1625 440 1671 tumultum
497 1625 679 1672 exarsit.
755 1624 964 1688 Hocque
1011 1628 1270 1691 impetrato
1317 1600 1484 1692 egiessi

71 1711 270 1751 onmes,
302 1694 590 1759 exceptique
610 1712 723 1740 cum
750 1694 920 1758 plaulu
940 1710 986 1742 et
1005 1697 1209 1760 gaudiis,
1243 1698 1481 1746 adlceulis

70 1763 210 1827 equis
242 1764 520 1824 evolarunt,
566 1763 749 1810 moturi
779 1763 1092 1812 incitamenta
1122 1766 1306 1813 divfflfa
1329 1769 1482 1814 bello-

69 1850 194 1879 rum.
270 1831 404 1878 Haec
427 1832 513 1878 uhi
535 1833 660 1880 fama
685 1850 934 1880 iumorum
963 1836 1126 1882 nuuix
1163 1836 1372 1898 maligna
1412 1835 1480 1882 di-
1499 1847 1526 1889 8

67 1899 262 1964 sperfit,
315 1902 547 1948 urebatur
578 1901 846 1949 dimicandi
878 1902 1037 1951 studio
1083 1903 1481 1967 Therviugorum

67 1969 201 2016 natio
232 1969 417 2016 omnis:
462 1985 508 2016 et
541 1970 666 2017 inter
705 1972 965 2018 metuenda
1003 1973 1178 2032 multa,
1241 1975 1482 2036 periculo-

69 2055 276 2102 rumque
299 2039 487 2101 praevia
510 2038 848 2099 maximorum,
878 2039 1063 2101 vexillis
1086 2042 1145 2088 de
1164 2059 1299 2088 more
1322 2040 1479 2087 subla-

69 2107 159 2167 tis,
202 2106 478 2170 auditisque
514 2107 642 2154 triste
679 2106 961 2155 sonantibus
989 2109 1212 2169 clafficis,
1255 2109 1351 2154 iam
1379 2123 1478 2156 tur-

69 2193 177 2224 mae
213 2174 544 2239 praedatoriae
583 2175 960 2238 concursabant,
1007 2178 1208 2241 pilando
1252 2177 1387 2224 villas
1428 2193 1476 2226 et

69 2243 409 2304 incendendo,
448 2244 685 2307 vastisque
719 2244 965 2305 cladibus,
1001 2244 1278 2311 quidquid
1268 2246 1477 2294 iuvenili

72 2328 290 2380 poterat,
325 2311 681 2376 permiscentes,

173 2380 417 2429 Adversus
440 2399 562 2447 quos
588 2381 880 2446 Lupicinus,
928 2382 1269 2458 pnopeiatione
1301 2383 1519 2441 tumul-9

71 2452 225 2502 tuaria
249 2451 430 2498 coactis
455 2451 710 2511 militibus,
748 2464 927 2500 temeie
949 2469 1097 2514 magis
1117 2470 1262 2515 quam
1289 2452 1477 2498 cons-«ul

77 2536 121 2569 te
142 2539 260 2585 pro«D
236 2519 435 2580 ¹ressus,
468 2520 516 2566 in
545 2539 675 2568 nono
697 2521 754 2567 ab
779 2523 900 2569 urbe
934 2520 1159 2566 milliario
1190 2520 1314 2567 [tetit
1347 2539 1444 2584 pa1
1433 2540 1477 2566 3

75 2605 150 2638 tus
181 2589 241 2636 ad
266 2588 643 2637 decernendum.
715 2590 1029 2654 Barbarique,
1060 2589 1154 2636 hoc
1181 2590 1477 2654 contempla·

566 2702 639 2711 -a

122 2759 156 2797 δ’)
182 2753 249 2790 Ms-
287 2754 466 2788 musitio-s.

715 2806 757 2848 (.)
783 2824 808 2850 ι)
