1723 3178
233 493 496 546 erc.
594 489 1367 551 GRONOVII

421 625 424 643 1

756 644 834 675 AD

413 760 999 816 COSMVM
1081 761 1184 817 III

92 898 524 956 MAGNAE
582 903 1123 947 ETRVRIAE
1180 905 1498 954 DVGEM

310 1049 1274 1122 DEDICATIO.

81 1293 217 1369 Eam
245 1319 466 1372 iudicavi
496 1324 588 1374 effe
622 1326 874 1375 Ammiani
907 1324 1207 1373 Marcellini
1227 1324 1484 1392 rationem,

80 1405 138 1438 ut
163 1389 234 1437 sui
261 1393 443 1455 pariter
471 1408 519 1439 et
551 1395 648 1439 mei
679 1395 830 1439 animi
868 1397 1104 1454 interpres
1126 1392 1196 1439 ire
1217 1392 1394 1456 pollet,
1430 1415 1484 1443 ac

79 1460 305 1523 congesta
327 1459 377 1505 in
404 1473 669 1524 utrumque
702 1460 937 1507 beneficia
968 1460 1168 1507 fatendo
1199 1462 1396 1524 publice
1428 1484 1484 1513 ac

78 1527 402 1576 memorando
433 1528 484 1574 in
517 1527 792 1590 Principale
823 1527 1145 1574 Auditorium
1179 1529 1344 1578 Tuum
1374 1551 1485 1596 per.

74 1597 205 1645 ferre
224 1597 395 1644 iustam
420 1596 716 1644 reverentiae
735 1596 923 1660 privata
958 1594 1195 1659 religione
1223 1597 1483 1664 hucusque

75 1667 235 1713 cultae
258 1665 677 1729 significationem.
762 1665 898 1712 Haec
935 1678 1192 1727 votorum,
1235 1684 1359 1731 quae
1393 1688 1483 1733 per

76 1735 358 1798 complures
407 1752 560 1786 annos
598 1734 1022 1794 coacervavinnm,
1081 1732 1298 1796 sunnna3
1357 1738 1480 1788 haec

75 1802 208 1868 spes»,
239 1803 320 1851 cui
338 1802 527 1851 iamdiu
550 1803 888 1864 imminemus,
931 1803 1016 1850 etsi
1046 1821 1248 1867 magnae
1276 1806 1480 1855 felicita-

74 1874 136 1921 tis
156 1891 330 1937 caan‚
376 1886 539 1920 tamen
570 1890 630 1921 eo
662 1873 822 1920 minus
852 1873 1107 1937 improba,
1152 1873 1290 1938 quod
1315 1876 1478 1924 infini-

74 1956 174 1989 tam
202 1940 419 1988 salutaris
453 1940 679 1990 dexterae
715 1942 852 1990 Tuae
896 1941 1249 2006 benignitatem
1286 1947 1475 2008 experti

72 2029 242 2059 coram
274 2025 321 2058 et
351 2010 599 2072 admirati,
642 2030 701 2059 ne
734 2012 1086 2076 nuncquidem
1108 2013 1169 2058 ab
1192 2031 1247 2060 ea
1268 2012 1474 2062 adoran-

74 2078 136 2127 da
164 2097 254 2127 nos
284 2096 529 2127 remotum
561 2081 621 2128 iri
650 2100 740 2145 pro
786 2081 963 2145 pietate
1002 2081 1157 2127 nostra
1204 2082 1468 2130 credimus.

70 2148 256 2214 ‘Utique
274 2149 358 2197 hic
377 2149 460 2196 ille
482 2150 555 2196 vir
579 2150 671 2210 est,
704 2151 788 2215 qui
809 2169 905 2196 non
926 2151 975 2196 in
997 2148 1097 2213 ipsa
1118 2150 1242 2198 vitae
1275 2153 1468 2202 actione

69 2231 260 2266 tantum
299 2217 529 2283 sequutus
566 2220 785 2284 exempla
837 2235 1055 2267 veterum
1104 2219 1289 2268 vicinae
1330 2221 1468 2271 Tuae

70 2286 255 2335 Romae
281 2287 497 2348 civium,
543 2287 628 2335 sed
667 2290 813 2336 etiam
844 2289 892 2335 in
923 2290 1019 2336 hoc
1069 2287 1313 2350 sermone,
1371 2309 1468 2355 qua

67 2355 231 2417 licuit,
259 2356 411 2421 preffe
431 2355 698 2405 adhaerens
721 2358 1019 2422 optimorum
1044 2357 1267 2422 vestigiis,
1300 2376 1466 2407 earum

71 2443 236 2473 rerum
256 2425 400 2473 nobis
422 2426 621 2492 reliquit
642 2429 831 2492 planam
854 2427 1132 2488 historiam,
1167 2446 1291 2491 quae
1312 2447 1464 2493 quum

68 2491 162 2541 fint
181 2492 480 2558 digniffimae
501 2499 727 2559 cognitu,
764 2511 920 2544 tamen
956 2515 1122 2544 earnm
1147 2515 1321 2560 magna
1353 2515 1462 2560 pars

68 2576 152 2609 aut
171 2563 363 2627 penitus
383 2582 511 2611 nunc
530 2564 644 2612 ess'et
664 2566 826 2630 ignota
843 2603 856 2627 ,
888 2567 976 2612 nili
997 2564 1097 2629 ipse
1121 2564 1462 2628 interceffifl'et,

69 2645 153 2678 aut
168 2632 360 2680 nonulli
378 2633 606 2682 tenuibus
621 2650 668 2683 et
687 2635 914 2683 invalidis
928 2635 1221 2683 coniecturis
1235 2652 1321 2698 per
1342 2652 1464 2698 quo-

69 2699 279 2755 rundam
349 2702 516 2768 potius
585 2704 867 2768 alluliones,
943 2723 1093 2771 quam
1159 2703 1461 2754 narrationes

728 2792 755 2820 a
