1727 3144
225 210 663 247 c0.Ns⁷rANTxth
700 209 774 240 ET
813 203 1129 239 IULIANUS.
1204 195 1318 239 560.
1395 194 1492 255 259

84 321 370 384 festinabat,
414 336 470 369 ut
494 318 817 381 ‘securitatem
860 316 995 365 suam
1029 315 1495 382 provinciarumque

84 395 270 445 locaret
289 393 465 439 intuto
485 410 493 437 ;
530 405 578 437 et
599 389 709 436 iniit
728 387 982 436 confilium
1006 384 1117 433 tale.
1190 385 1494 449 Philagrium
1509 406 1541 435 2

83 453 364 520 notarium}
393 459 610 508 Orientis
637 458 798 522 postea
831 456 1103 517 Comitem,
1149 454 1211 501 ad
1246 473 1323 502 eas
1359 454 1497 502 mise-

87 545 162 579 rat
195 545 378 595 partes,
407 529 545 577 cuius
572 525 860 592 prudentiae
877 526 1063 572 fidebat
1092 525 1210 572 olim
1247 523 1338 570 fibi
1364 541 1498 569 com-

87 601 238 665 perti:
276 600 419 665 eique
442 599 569 645 inter
587 597 756 656 multa,
793 604 914 660 quae
937 614 1026 659 pro
1049 609 1196 658 captu
1218 592 1500 640 instantium

89 688 253 716 rerum
295 683 396 716 erat
434 682 658 726 acturus,
714 663 945 728 [ignatam
985 681 1184 728 quoque
1223 661 1500 709 chartulam

88 736 317 797 tradidit,
368 735 743 799 mandavitque,
786 747 847 779 ne
892 734 1103 797 aperiret
1142 733 1220 780 vel
1255 731 1500 790 recitaret,

87 806 177 852 nisi
207 805 509 854 Vadomario
541 802 641 849 viso
670 802 738 848 cis
774 801 1016 848 Rhenum.
1099 800 1318 848 Perrexit
1340 799 1503 846 Phila-
1521 798 1549 841 3

88 875 219 939 grius
234 909 249 931 ,
279 888 334 920 ut
357 886 672 938 praeceptum
698 871 787 919 est:
824 870 981 934 eoque
1005 869 1253 935 praesente
1273 907 1286 930 ,
1332 883 1394 916 et·
1420 885 1503 916 ne-

90 944 234 1007 gotiis
276 942 504 989 adstricto
539 939 762 1002 diverfis,
822 939 1134 1006 transgress'us
1178 938 1504 988 Vadomarius

89 1015 298 1073 flumen,
329 1026 385 1058 ut
412 1011 539 1058 nihil
556 1010 606 1057 in
644 1009 891 1075 profunda
922 1021 1143 1057 metuens
1174 1027 1320 1073 pace,
1359 1007 1506 1054 nihil-

91 1100 187 1146 que
210 1080 345 1128 secus
368 1081 611 1145 gestorum
642 1079 869 1127 simulans
911 1077 1193 1140 scire‚'vif0
1227 1076 1503 1143 praeposito

91 1150 305 1198 militum
339 1151 411 1197 ibi
446 1148 762 1213 degentium,
803 1167 953 1213 pauca
986 1150 1223 1213 loquutus
1255 1166 1310 1195 ex
1350 1163 1504 1204 more,

89 1220 222 1267 ultro
253 1219 434 1281 semet,
477 1233 533 1265 ut
559 1217 846 1283 suspicienis
877 1218 1002 1264 nihil
1033 1218 1331 1281 relinqueret
1350 1216 1507 1262 abitu-

92 1307 201 1349 rus,
247 1289 310 1335 ad
339 1288 624 1335 convivium
654 1288 756 1335 eius
785 1288 949 1333 venir'e
980 1285 1225 1350 promitit,
1267 1284 1330 1332 ad
1365 1280 1504 1348 quod

94 1371 197 1404 erat
223 1357 369 1407 etiam
405 1356 681 1419 Philagrius
704 1355 948 1401 invitatus.
1023 1355 1123 1409 Qui
1151 1353 1306 1402 statim
1326 1351 1505 1416 ingres·
1521 1351 1552 1406 4

93 1425 200 1485 sus,
246 1443 357 1489 rege
405 1423 692 1488 conspecto,
744 1424 1060 1488 Imperatoris
1117 1422 1400 1470 recordatus
1439 1420 1506 1467 est

96 1496 241 1541 verba
258 1532 270 1556 ,
306 1493 620 1556 causatusque
643 1510 744 1539 rem
767 1491 937 1539 seriam
960 1507 1006 1539 et
1035 1506 1311 1556 urgentem,
1351 1491 1414 1538 ad
1434 1489 1507 1536 di-

95 1563 366 1611 versorium
399 1562 571 1610 rediit:
622 1560 910 1624 scriptisque
953 1561 1089 1607 lectis
1130 1560 1329 1620 doctus,
1383 1556 1508 1624 quid

99 1633 179 1697 agi
213 1633 524 1689 conveniret,
560 1630 814 1677 confestim
850 1628 1069 1676 reversus
1100 1629 1350 1675 discubuit
1379 1628 1507 1674 inter

95 1716 330 1750 caeteros.
411 1698 682 1763 Finitisque
720 1695 882 1762 ‘epulis
920 1695 1274 1747 Vadomarium
1315 1692 1558 1745 fortiterS

98 1768 485 1835 adprehensum,
533 1768 712 1815 rectori
744 1767 956 1813 militum
988 1781 1089 1814 arte
1132 1765 1510 1814 custodiendum

98 1839 232 1904 apud
252 1839 383 1903 ligna
406 1835 672 1896 commifit,
708 1850 841 1883 textu
862 1837 990 1899 lecto
1014 1835 1247 1884 iussorum
1262 1874 1275 1898 ,
1318 1835 1510 1883 comiti-

95 1910 189 1956 l>us
232 1908 334 1956 eius
373 1907 434 1954 ad
463 1906 545 1954 sua
594 1905 754 1953 redire
801 1905 1089 1968 compullis,
1142 1906 1286 1971 super
1327 1906 1509 1969 quibus

95 1977 224 2024 nihil
244 1978 401 2024 fuerat
420 1977 732 2041 imperatum.
806 1975 1064 2022 Exhibitus
1094 1989 1251 2023 tamen
1274 1975 1408 2022 idem
1432 1992 1512 2021 rex
1529 1979 1559 2022 6

100 2045 164 2093 ad
193 2046 436 2110 Principis
462 2046 635 2105 castra,
674 2045 870 2109 iamque
899 2044 982 2108 spe
1015 2044 1183 2092 veniae
1218 2047 1353 2091 omni
1377 2061 1511 2108 prae-

47 2149 53 2155 ·
99 2113 254 2176 clusa,
285 2134 398 2162 cum
420 2115 745 2177 interceptum
769 2114 1032 2173 notarium,
1071 2127 1133 2174 et,
1171 2132 1295 2178 quae
1314 2111 1513 2176 scripse-

98 2199 176 2231 rat
202 2184 265 2230 ad
284 2183 633 2244 Constantium,
668 2181 976 2247 comperiffct
1011 2184 1108 2228 iam
1142 2184 1414 2246 publicata,
1450 2199 1511 2228 ne

102 2253 331 2301 convicio
358 2252 559 2316 quidem
591 2266 730 2300 tenus
766 2253 1116 2315 compellatus,
1161 2252 1322 2298 miss‘us
1355 2251 1419 2298 eft
1448 2248 1513 2297 ad

104 2320 376 2386 Hispanias.
456 2320 516 2368 Id
547 2321 675 2369 enim
707 2321 866 2368 studio
897 2321 1155 2368 curabatur
1182 2320 1399 2383 ingenti,
1446 2336 1509 2366 ne

104 2392 300 2438 Iuliano
333 2389 617 2439 discedente
647 2410 672 2437 a
703 2391 897 2451 Galliis,
949 2388 1317 2436 immanissimus
1356 2388 1513 2435 homo

105 2459 468 2525 provinciarum
514 2460 687 2507 statum
736 2477 878 2524 aegre
923 2457 1249 2523 compolitum
1286 2457 1514 2504 licentius

107 2529 440 2577 conturbaret.

206 2597 318 2645 Hoc
346 2599 455 2645 casu
485 2596 654 2644 elatior
683 2596 926 2658 Iulianus,
973 2595 1097 2658 regis
1117 2594 1349 2658 opinione
1369 2594 1512 2641 citius
1532 2608 1562 2653 7

110 2665 396 2730 intercepti,
440 2685 585 2733 quem
617 2667 924 2729 profecturus
958 2665 1020 2712 ad
1053 2664 1320 2728 longinqua
1350 2663 1518 2710 formi-

114 2732 280 2796 dabat,
328 2737 453 2784 nihil
494 2736 853 2783 remittentibus
896 2735 1023 2781 curis
1063 2734 1295 2781 barbaros
1337 2731 1520 2779 adoriri

114 2801 376 2867 disposuit,
428 2823 551 2870 quos
583 2805 834 2869 percmill'e
867 2804 1165 2851 Libinonem
1196 2802 1438 2849 Comitem
1468 2802 1520 2848 in
