1727 3144
222 151 322 196 548
466 163 738 197 AMMlANx
780 163 1168 197 MARCELLINI
1209 164 1353 209 μιν,
1388 167 1432 195 2.

223 275 358 342 quati
377 288 709 322 transnarunt:
740 274 823 320 alii
849 271 1164 320 multitudine
1195 272 1353 321 subita
1389 274 1526 339 petiti
1557 289 1627 323 te-

219 347 379 394 lorum
402 343 665 405 hostilium,
697 361 819 406 quos
842 341 1005 407 egressi
1027 340 1276 389 auxiliares
1296 341 1357 389 ad
1377 343 1625 391 cursuram

218 412 465 472 leviffimi,
503 413 892 476 fugientiumque
924 410 1196 458 cervicibus
1224 410 1513 475 infistentes‚
1557 412 1625 460 la-

220 485 355 530 niatu
373 482 535 528 avium
563 482 937 544 prostraverunt.

172 567 198 607 9
317 553 431 614 Quo
458 550 654 613 negotio
682 548 855 597 itidem
887 546 1096 614 gloriose
1125 548 1371 613 perfecto,
1416 549 1478 597 ad
1507 548 1625 598 civi·-

216 634 366 667 tatem
387 619 708 666 Pirisaboram
734 632 933 666 ventum
963 618 1053 679 est,
1094 619 1307 683 amplam
1327 633 1388 666 -et
1417 619 1626 685 populo-

214 688 339 747 sam,
377 687 780 751 ambituinsulari
811 687 1238 735 circumvallatam.
1327 687 1478 736 Cuius
1508 687 1625 735 obe-

215 759 409 823 quitans
430 757 621 803 moenia
644 757 914 820 Imperator
934 770 981 803 et
1000 755 1166 816 situm,
1211 755 1455 804 obsidium
1485 755 1623 804 omni

213 828 399 874 cautela
435 826 720 889 coeptabat,
764 824 896 889 quafi
925 824 1023 871 sola
1055 824 1317 872 Formidine
1348 825 1624 889 oppidanos

214 916 241 944 a
275 894 615 959 propugnandi
655 893 814 944 studio
862 891 1190 941 submoturus.
1295 893 1488 949 Quibus
1531 910 1622 958 per

212 965 460 1027 colloquia
493 962 632 1024 saepe
666 962 885 1020 tentatis,
933 980 1045 1008 cum
1083 980 1172 1010 nec
1213 962 1451 1027 promissis
1490 961 1621 1027 quis-

213 1052 359 1098 quam
385 1035 661 1078 flecteretur
684 1047 773 1076 nec
797 1029 963 1089 minis,
1006 1029 1266 1094 suscipitur
1299 1030 1618 1095 oppugnandi

212 1101 491 1149 exordium:
530 1112 576 1144 et
594 1111 891 1145 armatorum
917 1098 1100 1162 triplici
1132 1099 1316 1147 corona
1344 1097 1617 1147 circumda-

210 1171 272 1216 tis
292 1169 466 1228 muris,
503 1167 582 1214 die
607 1165 765 1231 primo
791 1165 1008 1231 adusque
1029 1167 1187 1213 noctis
1211 1167 1406 1214 initium
1437 1167 1618 1214 miffili-

139 1248 192 1277 10
211 1240 300 1286 bus
322 1238 610 1286 certabatur.
680 1236 811 1284 Tum
835 1233 1110 1283 defensores
1131 1233 1293 1282 animo
1326 1236 1615 1298 praestantes

210 1324 258 1356 et
278 1307 462 1355 viribus
477 1343 495 1363 ‚y
521 1323 607 1370 per
628 1305 991 1369 propugnacula
1012 1302 1185 1351 ciliciis
1213 1302 1435 1368 undique
1462 1304 1616 1353 laxius

207 1376 389 1442 panfis,
426 1392 548 1440 quae
583 1375 795 1422 telorum
827 1374 1038 1437 impetus
1056 1371 1379 1433 cohiberent,
1430 1372 1616 1421 obtecti

204 1446 350 1494 scutis
371 1446 551 1491 vimine
569 1443 840 1491 firmillimo
861 1442 1027 1501 textis,
1084 1455 1131 1488 et
1161 1439 1428 1488 crudorum
1455 1454 1617 1506 tergo-

207 1535 315 1565 rum
337 1513 567 1561 denfitate
590 1513 785 1573 vestitis,
820 1510 1102 1558 validiffime
1124 1509 1426 1575 relistebant,
1455 1510 1615 1559 ferrea

205 1586 439 1631 nimirum
459 1583 581 1629 facie
604 1581 765 1629 omni:
794 1580 906 1644 quia
925 1581 1131 1626 laminae
1155 1578 1351 1643 lingulis
1369 1579 1615 1628 membro-

206 1673 315 1700 rum
357 1651 652 1699 liniamentis
689 1649 1008 1696 cohaerenter
1049 1661 1265 1712 aptatae‚
1312 1646 1415 1695 fido
1456 1647 1617 1714 operi-

129 1733 183 1762 Ἦ
207 1737 372 1770 mento
420 1735 574 1768 totam
612 1718 831 1766 hominis
864 1717 1076 1782 speciem
1122 1716 1462 1780 contegebant.
1548 1714 1615 1764 Et.

206 1790 464 1854 aliquoties
497 1787 791 1835 Hormisdae
822 1800 870 1835 et
901 1785 1159 1850 indigenae
1189 1800 1236 1833 et
1264 1785 1436 1849 regalis
1460 1785 1615 1833 collo·

206 1860 319 1925 quia
344 1871 560 1922 petentes
584 1855 788 1913 obnixe,
818 1855 1231 1919 propinquantem
1253 1854 1446 1921 probris
1463 1868 1612 1920 atque

204 1926 442 1975 conviciis
470 1939 526 1971 ut
558 1925 683 1971 male
718 1923 874 1970 fidum
895 1923 1191 1970 incell'ebant
1213 1936 1260 1971 et
1285 1922 1609 1971 desertorem:

201 1998 242 2062 ⁷)
265 1997 357 2044 hac
376 1997 505 2041 lenta
521 1992 828 2040 cavillatione
851 1990 949 2038 diei
973 1990 1180 2036 maxima
1208 2004 1344 2053 parte
1370 2004 1608 2056 exempta,

202 2066 516 2114 tenebrarum
560 2060 749 2108 silentio
800 2057 960 2122 primo
1011 2058 1337 2105 multiformes
1381 2057 1609 2107 admotae

203 2136 314 2184 sunt
333 2132 609 2191 machinae,
649 2141 920 2192 coeptaque
942 2125 1146 2173 altitudo
1182 2126 1483 2191 complanari
1513 2127 1608 2177 fof-

132 2209 183 2238 ¹2
202 2205 374 2254 sarum.
446 2203 586 2264 Quae
607 2196 803 2245 vixdum
823 2194 1047 2258 ambigua
1057 2195 1165 2243 luce
1184 2194 1461 2243 defensores
1485 2196 1522 2260 ⁸)
1534 2196 1604 2244 in-

199 2273 380 2323 tentius
408 2265 751 2330 contemplati,
797 2281 855 2312 eo
891 2263 1176 2324 accedente,
1234 2262 1369 2328 quod
1409 2266 1607 2327 angula.

200 2361 304 2392 rem
329 2338 501 2388 turrim
533 2337 656 2382 ictus
689 2333 867 2382 foravit
895 2332 1055 2380 arietis
1087 2333 1374 2393 violentior,
1420 2333 1602 2380 relictis

198 2409 408 2461 civitatis
440 2403 718 2470 duplicibus
746 2401 924 2462 muriS,
984 2401 1315 2448 continentem
1357 2415 1600 2464 occupant

200 2497 386 2538 arcem,
421 2474 575 2540 asperi
599 2472 777 2519 montis
810 2471 1078 2533 interrupta
1107 2470 1305 2534 planitie
1331 2467 1600 2533 superpeli-

197 2553 320 2598 t'am:
357 2545 494 2595 cuius
515 2540 746 2590 medietas
775 2539 824 2586 in
851 2536 1056 2586 sublime
1085 2536 1405 2601 consurgens,
1456 2537 1598 2585 tereti

198 2618 385 2668 ambitu
438 2609 660 2677 Argolici
708 2608 830 2659 souti
860 2607 1083 2676 >speciem
1129 2606 1440 2669 ostendebat,
1505 2606 1597 2656 nifi-

245 2784 285 2830 7)
312 2781 362 2815 al.
386 2792 437 2814 ac.
492 2782 528 2819 8)
555 2777 606 2811 al.
636 2776 782 2810 intente.
