1727 3144
237 148 671 182 CONSTANTIUS
706 145 780 177 ET
821 130 1143 175 inmaniss-
1211 132 1328 178 560.
1404 133 1500 177 225

176 258 270 306 XI.
308 258 404 306 Hic
440 276 526 323 per
547 255 731 304 Gallias
755 267 854 303 erat
879 252 1003 302 ordo
1030 252 1286 317 gestorum.
1363 258 1503 319 Quae
1529 272 1546 297 ι

82 327 200 378 dum
231 328 296 375 ita
329 326 560 394 prospere
591 325 858 374 succedunt
892 337 939 372 et
970 335 1137 383 caute,
1192 322 1504 371 Constantius

81 397 291 446 accitum
323 396 538 444 Arsacen
574 396 837 457 Armeniae
875 410 1064 458 regem,
1116 391 1403 457 summaque
1447 393 1504 438 li-

81 462 335 515 beralitate
356 465 635 531 susceptum
661 464 1006 530 praemonebat
1025 475 1072 510 et
1091 460 1408 523 hortabatur,
1448 476 1502 508 ut

82 535 228 584 nobis
262 537 446 583 amicus
479 535 570 584 effe
603 533 930 599 perseveraret
957 545 1006 589 et
1036 531 1181 579 fidus.
1232 529 1551 592 „Audiebatz

84 605 215 653 enini
244 604 433 670 saepius
464 624 575 653 eum
608 617 841 652 tentatum
876 622 902 649 a
936 618 1048 666 rege
1078 600 1334 648 Persarum
1370 600 1505 647 falla-

82 673 196 734 ciis,
243 688 291 721 et
322 674 495 733 minis,
535 687 583 720 et
615 672 766 733 dolis,
806 685 861 736 ut
897 670 1234 719 Romanorum
1268 668 1501 717 societate

26 778 28 780 ψ
83 742 379 808 posthabita,
415 740 509 789 suis
533 741 804 789 rationibus
825 742 860 805 ¹)
878 728 1206 803 stringe-relatu
1282 739 1384 795 Qui
1400 755 1501 786 cre·-
1523 751 1551 793 5

82 812 174 858 bro
207 810 432 858 adiurans
461 811 673 858 animam
701 810 835 874 prius
867 808 998 874 poss'e
1026 808 1274 869 amittere,
1355 825 1504 872 quam

83 879 368 927 sententiam
385 916 398 941 ,
436 894 718 927 muneratus
738 898 851 927 cum
876 877 1167 938 comitibus,
1209 894 1333 943 quos
1355 879 1502 924 duxe-

86 963 184 1010 rat,
230 948 376 996 rediit
397 948 460 995 ad
482 968 684 1013 regnum
699 986 712 1010 ,
750 948 791 1013 ²)
809 947 935 995 nihil
958 946 1097 995 ausus
1118 961 1356 995 temerare
1378 945 1506 1011 post-

84 1036 137 1066 ea
172 1017 541 1083 prominet-um,
586 1019 829 1082 obligatus
861 1017 1122 1081 gratiarum
1141 1015 1404 1079 multiplici
1424 1032 1506 1062 ne-

82 1106 147 1134 xu
183 1087 492 1134 Constantio:
548 1088 676 1135 inter
711 1106 830 1152 quas
865 1085 990 1134 illud
1019 1086 1185 1150 potius
1219 1085 1503 1143 excellebat,

84 1155 222 1221 quod
255 1155 551 1221 Olympiada
587 1156 790 1204 Ablabii
819 1156 970 1202 filiam
995 1155 1231 1219 praefecti
1254 1152 1507 1218 quondam

81 1225 346 1290 praetorio,
389 1225 434 1272 ei
457 1226 772 1291 copulaverat
793 1226 1073 1288 coniugem,
1100 1222 1326 1288 sponsam
1347 1221 1508 1268 fratris

84 1293 158 1340 sui
180 1293 466 1341 Constantis.
1304 1287 1307 1289 ’

194 1361 308 1417 Quo
336 1360 527 1407 dimiffo
559 1378 584 1406 a
618 1358 958 1423 Cappadocia,
996 1357 1098 1421 ipse
1122 1376 1211 1423 per
1231 1358 1508 1411 Melitinam
1528 1353 1558 1408 4

84 1430 292 1478 minoris
335 1429 596 1488 Armeniae
632 1426 904 1491 oppidum,
951 1441 999 1474 et
1034 1427 1308 1488 Lacotena,
1350 1441 1397 1474 et
1425 1427 1512 1475 Sa-

84 1498 296 1556 mosata,
340 1498 542 1545 transito
569 1496 818 1560 Euphrate
851 1495 1073 1550 Edess'am
1110 1497 1263 1543 venit:
1308 1497 1509 1559 ubique,

87 1567 207 1614 dum
241 1566 432 1632 agmina
469 1565 689 1628 undique
729 1563 1130 1611 convenientium
1171 1565 1410 1624 militnm,
1463 1577 1512 1612 et

87 1636 158 1684 rei
184 1636 392 1683 cibariae
412 1633 716 1682 abundantes
738 1632 906 1695 copias
931 1632 1212 1695 opperitur,
1244 1632 1332 1679 diu
1354 1650 1512 1680 mora-

87 1719 193 1766 tns;
228 1703 332 1770 post
363 1702 730 1767 aequinoctium
761 1700 1009 1766 egreditur
1031 1703 1339 1764 autumnale,
1374 1701 1513 1749 Ami-

90 1775 202 1821 dam
231 1774 412 1838 petens.

187 1843 337 1891 Cuius
359 1859 472 1888 cum
490 1856 646 1904 prope
667 1836 866 1884 veniss'et
886 1837 1078 1885 moenia
1092 1874 1105 1899 ,
1137 1837 1313 1887 favillis
1343 1839 1512 1904 opple·
1529 1853 1558 1898 5

19 1949 24 1952 -
87 1926 135 1960 ta
166 1911 476 1970 collustrans,
519 1910 670 1955 flebat
699 1925 814 1953 cum
838 1908 1050 1970 gemitu,
1091 1922 1318 1971 reputans
1342 1910 1509 1973 quales

88 1979 361 2029 miseranda
391 1978 560 2026 civitas
591 1976 858 2041 pertulerat
887 1976 1064 2024 clades.
1139 1977 1219 2023 Ibi
1242 1990 1358 2024 tunc
1382 1978 1510 2025 forte

90 2040 295 2097 Ursul’us
329 2046 577 2113 praesens,
634 2044 720 2110 qni
750 2046 990 2092 aerarium
1022 2045 1275 2107 tuebatur,
1338 2045 1510 2094 dolore

94 2118 307 2183 percitus
332 2115 617 2164 exclamavit
635 2133 644 2162 ε
722 2118 802 2162 En
820 2116 986 2177 quibus·
1006 2117 1189 2162 animis
1211 2115 1350 2161 urbes
1368 2135 1401 2162 a
1423 2117 1513 2161 mi-

89 2192 171 2233 lice
189 2189 542 2247 defenduntur,
581 2186 659 2231 cai
684 2192 736 2229 at
764 2185 1023 2230 abundare
1036 2186 1511 2246 Jc'zpencliccmpqffit,

92 2258 293 2319 imperii
310 2274 422 2317 opes
444 2254 817 2314 iccmsatiscunt!
899 2253 1051 2310 Quod
1085 2254 1271 2301 dictum
1292 2254 1356 2299 ita
1385 2271 1512 2298 ama-

92 2344 201 2374 rum
228 2324 450 2372 militaris
474 2320 738 2370 multitudo
766 2322 926 2386 postea
949 2322 1080 2387 apud
1103 2321 1416 2370 Chalcedona
1442 2339 1512 2369 re-

93 2393 323 2451 cordata,
353 2393 414 2440 ad
439 2392 540 2440 cius
562 2391 767 2440 exitium
800 2391 1119 2440 consurrexit.

195 2461 386 2510 Exinde
412 2462 580 2510 cuneis
614 2460 843 2508 confertis
880 2460 1135 2521 inccdens,
1179 2477 1291 2505 cum
1326 2458 1550 2505 Bezab-t‘·

95 2531 193 2580 den
220 2531 526 2592 adventaret,
572 2531 679 2577 fixis
711 2530 963 2590 tentoriis,
1014 2531 1142 2577 vallo
1177 2527 1502 2591 soll'arumque

98 2600 354 2648 altitudine
422 2599 811 2662 circumsaeptis,
863 2649 869 2660 e
894 2599 1183 2663 obequitans
1239 2596 1502 2644 castrorum

145 2766 178 2812 ι)
204 2762 272 2804 ML
296 2764 537 2813 stringeretur.
585 2766 625 2811 2)
655 2761 720 2801 ΜΓ.
749 2760 968 2798 iuthelausus
993 2770 1218 2797 temeratore.

880 2809 914 2854 P
