1727 3144
538 172 556 202 1
579 171 665 215 15¹1.
684 171 701 201 1
725 171 755 202 A
779 170 811 202 N
830 170 913 218 us.
995 157 1112 204 565.
1431 161 1526 206 581

127 294 229 330 ret:
270 280 395 329 illud
414 279 701 343 advertens,
732 280 870 348 quod
895 279 1029 347 apud
1054 279 1310 329 Platonem
1340 283 1534 348 legitur,

122 350 427 416 Sophoclem
447 350 804 415 tragoediarum
825 351 1111 415 scriptorem
1132 364 1287 398 aetate
1309 353 1536 414 grandae-

111 437 240 468 vum
272 420 650 484 interrogatum,
696 415 878 485 ecquid
906 418 1068 467 adhuc
1095 419 1291 467 feminis
1314 421 1537 470 milcere-

122 502 229 552 tur,
265 503 523 554 negantem
541 489 595 535 id
630 488 878 550 adieciffe,
926 488 1063 555 quod
1095 488 1327 553 gauderet
1360 489 1534 538 harum

122 576 288 606 rerum
308 577 552 620 amorem,
584 571 639 605 ut
660 557 904 606 rabiosum
924 558 1198 623 quemdam
1217 557 1430 621 effugiffe
1453 558 1537 605 do-

121 627 313 674 minum
334 642 382 675 et
397 627 662 675 crudelem.
734 628 861 674 Item
881 640 936 674 ut
957 627 1054 674 hoc
1087 626 1394 692 propositum
1427 628 1536 674 vali·
1554 638 1582 682 3

123 695 232 742 dius
251 698 579 756 confirmaret,
608 695 858 742 recolebat
875 694 1017 758 saepe
1042 695 1230 743 dictum
1255 695 1395 761 lyrici
1415 696 1537 743 Bac-

120 765 358 829 chylidis‚
412 781 558 827 quem
592 763 785 825 legebat
823 763 1065 824 iucunde,
1118 764 1172 811 id
1212 764 1533 828 adserentem,

120 832 259 898 quod
282 845 337 878 ut
360 832 578 896 egregius
609 832 771 895 pictor
802 832 994 879 vultum
1026 831 1298 897 speciosum
1331 834 1532 897 effingit,

119 902 187 949 ita
220 900 456 966 pudicitia
488 900 657 949 celsius
703 898 1078 965 consurgentem
1120 903 1270 950 vitam
1314 917 1531 951 exornat.

120 971 285 1028 Quam
310 971 471 1018 labem
500 970 553 1016 in
588 969 755 1016 adulto
785 970 965 1017 robore
993 971 1257 1018 iuventutis
1291 971 1358 1018 ita
1391 986 1534 1020 caute

118 1041 314 1105 vitavit,
346 1054 402 1087 ut
421 1058 483 1088 ne
503 1038 778 1103 suspicione
806 1037 1009 1103 quidem
1039 1053 1179 1087 tenus
1208 1039 1430 1087 libidinis
1460 1041 1535 1087 ul-

117 1111 212 1158 lius
242 1111 320 1156 vel
346 1110 389 1176 ²)
409 1108 650 1158 citerioris
684 1107 811 1158 vitae
842 1107 1071 1156 ministris
1111 1107 1438 1171 incusaretur,
1475 1125 1532 1157 ut

116 1179 259 1242 saepe
280 1179 537 1244 contingit.

218 1248 330 1296 Hoc
371 1262 534 1295 autem
564 1249 912 1314 temperantiae
948 1250 985 1315 ³)
1005 1266 1155 1314 genus
1198 1244 1444 1295 crescebat
1476 1246 1578 1308 in4

118 1316 300 1378 maius,
337 1317 532 1365 iuvante
564 1319 862 1382 parcimonia
881 1320 1109 1367 ciborum
1128 1331 1175 1365 et
1200 1316 1387 1377 somni,
1425 1314 1531 1380 qui-

117 1386 212 1433 bus
255 1385 392 1433 domi
436 1386 656 1452 forisque
701 1389 918 1436 tenacius
956 1389 1202 1435 utebatur.
1303 1385 1532 1450 Namque

116 1456 161 1520 ⁴)
183 1455 236 1501 in
271 1472 391 1520 pace
424 1456 580 1503 victus
614 1455 716 1504 eius
749 1456 972 1504 mensura
1005 1471 1149 1520 atque
1180 1455 1389 1503 tenuitas
1430 1466 1534 1501 erat

120 1537 250 1571 recte
272 1523 586 1571 noscentibus
606 1524 917 1586 admiranda,
950 1527 1082 1572 velut
1109 1524 1171 1571 ad
1191 1524 1393 1588 pallium
1416 1539 1532 1571 mox

119 1592 381 1640 reversuri:
412 1610 500 1656 per
521 1593 678 1641 varios
700 1607 860 1640 autem
879 1593 1188 1658 procinctus,
1228 1592 1353 1639 stans
1386 1592 1536 1638 inter-

121 1661 241 1708 dum
261 1679 399 1709 more
422 1662 622 1710 militiae
651 1663 819 1709 cibum
846 1663 1046 1710 brevem
1073 1661 1320 1726 vilemque
1344 1658 1535 1707 sumere

118 1730 375 1779 visebatur.
463 1730 561 1778 Ubi
590 1748 708 1779 vero
746 1732 915 1795 exigua
955 1728 1237 1777 dormiendi
1269 1728 1432 1794 quiete
1463 1735 1581 1782 re·5

119 1799 320 1846 creass'et
338 1816 517 1863 corpus
541 1801 796 1848 laboribus
823 1799 1132 1860 induratum,
1170 1799 1534 1862 expergefactus

119 1869 404 1932 explorabat
422 1884 509 1933 per
528 1868 839 1933 semetipsum
860 1869 1134 1933 vigiliarum
1158 1868 1288 1916 vices
1310 1881 1356 1913 et
1375 1866 1536 1913 statio-

117 1955 264 1999 num,
295 1937 405 2000 post
423 1937 541 1984 haec
563 1939 598 2003 ⁵)
625 1936 767 1985 serias
790 1938 853 1984 ad
881 1952 1006 1986 artes
1038 1936 1324 2001 confugiens
1354 1935 1535 1983 doctri-

117 2024 307 2052 narum.
377 2001 464 2067 Et‚
501 2005 538 2052 fi
566 2021 802 2054 nocturna
831 2007 1017 2054 lumina
1035 2043 1049 2068 ,
1085 2006 1213 2052 inter
1243 2023 1368 2069 quae
1396 2005 1577 2058 lucu-6

117 2074 318 2136 brabat,
362 2074 626 2138 potuissent
660 2074 699 2142 ⁶)
723 2094 868 2124 voces
902 2077 1029 2123 ullae
1067 2073 1255 2134 testari,
1306 2073 1529 2136 profecto

118 2144 458 2202 ostenderant,
485 2144 612 2191 inter
632 2145 764 2192 hunc
784 2159 832 2193 et
853 2143 1093 2209 quosdam
1124 2142 1377 2204 Principes
1407 2140 1530 2187 mul-

119 2226 223 2258 tum
253 2211 498 2272 intereffe‚
535 2215 577 2277 ⁷)
598 2232 744 2277 quem
775 2229 950 2262 norant
988 2211 1320 2275 voluptatibus
1365 2225 1425 2256 ne
1463 2207 1528 2255 ad

118 2279 443 2328 necessitatem
467 2280 669 2344 quidem
688 2282 930 2330 indulliss'e
951 2297 1166 2329 naturae.

213 2349 344 2396 Dein
366 2348 652 2414 prudentiae
685 2352 788 2398 eius
812 2351 995 2400 indicia
1024 2351 1158 2396 fuere
1187 2346 1263 2393 vel
1294 2344 1519 2410 plurima,
1537 2364 1569 2409 7

121 2435 148 2466 e
193 2419 373 2483 quibus
417 2419 647 2483 explicari
689 2419 894 2469 sufficiet
931 2437 1098 2485 pauca.
1180 2415 1409 2463 Armatae
1452 2414 1525 2461 rei

120 2485 477 2550 scientiffimus,
515 2502 563 2535 et
587 2487 625 2554 ⁸)
647 2503 865 2555 togatae:
895 2486 1117 2538 civilitati
1145 2482 1412 2531 admodum
1431 2482 1526 2530 fiu-

168 2697 206 2736 2)
243 2695 295 2728 al.
331 2693 543 2731 secretioris.
602 2698 643 2742 3)
672 2697 723 2731 al.
754 2708 864 2743 genus
900 2693 1065 2729 immanis
1092 2692 1181 2728 iuvit
1206 2690 1431 2741 parsimonia.
1478 2691 1524 2734 ί.)

122 2739 174 2772 al.
202 2740 240 2772 in
268 2753 360 2787 pace
386 2743 461 2777 eius
486 2740 686 2777 mensarum
712 2744 877 2777 tenuitas.
928 2743 967 2785 5)
990 2738 1058 2774 Ms.
1086 2739 1202 2776 serias.
1251 2742 1291 2783 6)
1318 2737 1387 2773 Ms.
1417 2748 1524 2771 voces

125 2784 232 2819 ullae·
288 2792 324 2831 7)
352 2787 420 2823 ΜΓ.
450 2801 681 2837 quemquam.
730 2791 775 2836 8)
806 2786 903 2824 deest
930 2786 1054 2833 Sceplu
