1727 3144
1415 169 1506 180 ρ.-.-

550 182 934 214 IULIANUS.
1009 170 1124 215 565.
1412 180 1507 214 ‘aaa

108 314 134 344 e
156 295 252 343 vita
271 306 430 342 morte
452 293 650 341 fo1tn1ta
660 331 674 357 ,
709 292 945 342 conviciis
974 291 1266 339 insectantur
1289 307 1344 339 ut
1372 293 1513 358 dege-

106 382 244 412 neres
267 377 314 411 et
337 362 550 427 ignavos.

207 433 400 490 Quibus
436 432 496 479 ab
529 430 771 480 Orientali
800 430 1106 495 Australique
1143 429 1282 493 plaga
1327 427 1556 475 Arabes
1529 444 1585 495 45

104 502 236 549 beati
265 502 647 560 conteiminant,
679 499 794 548 ideo
813 500 878 548 fic
900 498 1156 565 adpellati,
1199 495 1333 563 quod
1365 497 1513 559 frugi-

104 571 227 618 bus'
216 584 371 633 iuxta,
413 584 460 618 et
480 571 688 631 fetibus,
727 583 774 616 et
804 570 1030 635 palmite
1078 568 1386 630 odorumque
1412 564 1513 611 sua-

104 639 251 687 vitate
274 611 536 704 multiplici
562 638 670 687 lunt
686 639 984 703 locupletes:
1020 654 1317 701 magnaeque
1343 652 1512 681 eorum

103 723 265 771 partes
312 725 446 754 mare
486 708 689 754 rubrum
727 725 753 752 a
789 707 940 753 latere
983 705 1152 753 dext1o
1196 707 1512 767 contin‹›·:unt

103 777 234 824 laeva
254 775 446 823 Perfico
476 775 598 821 mari
634 774 954 835 collimitant,
1002 775 1230 821 elementi
1259 773 1512 835 utriusque

103 845 255 910 poti1i
276 843 419 891 bonis
442 844 670 890 omnihus
697 841 898 890 adsueti.
971 843 1072 889 Ubi
1101 857 1148 890 et
1178 843 1430 902 stationes,
1467 855 1512 886 et
1534 854 1588 904 ‘36

102 927 271 978 portus
326 913 578 977 ttanquilli
611 912 721 960 sunt
764 913 953 976 plures,
1004 927 1051 960 et
1089 912 1307 976 emporii
1350 878 1511 970 deiila,

103 996 152 1030 et
176 980 439 1030 diversoria
487 1000 655 1046 regum
695 981 948 1029 ambitiosa
987 982 1191 1029 nimium
1233 995 1280 1028 ct
1321 980 1511 1037 decora,

101 1068 438 1116 aquarumque
472 1049 640 1116 suapte
684 1065 855 1097 natura
903 1051 1163 1097 calentium
1208 1049 1512 1096 saluberrimi

99 1120 284 1181 fontes,
319 1133 366 1167 et
386 1119 602 1168 rivorum
641 1119 998 1184 fluminumque
1029 1117 1294 1165 multitudo
1331 1116 1512 1182 perspi-

103 1208 215 1251 cua,
248 1189 304 1253 ¹⁶)
325 1188 660 1254 sospitalisque
684 1188 943 1252 temperies
962 1188 1110 1249 caeli,
1158 1201 1212 1233 ut
1244 1201 1372 1234 recte
1409 1186 1535 1249 spe-¹

101 1259 345 1305 etantibus
367 1257 492 1304 nihil
517 1259 584 1304 eis
607 1255 829 1304 videatur
856 1257 914 1303 ad
943 1257 1225 1303 fel-{citatem
1255 1255 1411 1302 deess'e
1438 1254 1513 1302 su-

102 1345 335 1391 premam.
409 1326 484 1372 Ac
518 1327 633 1374 licet
658 1326 875 1373 abundet
909 1326 1113 1372 urbibus
1144 1324 1510 1372 mediterraneis
1525 1324 1586 1387 '47

103 1410 249 1461 atque
292 1394 575 1452 maritimis,
621 1395 900 1460 campisque
936 1393 1145 1457 copiosis
1190 1408 1236 1441 et
1287 1395 1509 1454 xallibus,

102 1465 191 1511 has
231 1479 394 1511 tamen
422 1463 640 1511 civitates
673 1463 824 1510 habet
862 1465 1080 1523 eximias,
1116 1464 1402 1526 Geapolim,
1466 1479 1512 1510 et

102 1532 317 1593 Nascon,
367 1545 414 1578 et
457 1532 672 1592 Baraba,
713 1532 983 1595 itidemque
1040 1531 1256 1595 Nagara,
1311 1545 1358 1578 et
1408 1531 1511 1579 Me-

99 1602 301 1667 phram,
334 1614 381 1648 et
402 1599 627 1664 Taphra,
661 1614 707 1647 et
725 1600 1060 1647 Dioscuriada.
1131 1599 1315 1646 Insulas
1349 1615 1510 1647 autem

102 1671 382 1734 complures
439 1669 587 1716 habet
631 1686 720 1734 per
757 1683 1019 1733 utrumque
1066 1667 1311 1732 proximas
1363 1687 1509 1729 mare,

104 1758 221 1804 quas
246 1739 551 1786 dinumerare
583 1757 682 1785 nou
707 1739 868 1785 refert.
941 1737 1182 1802 lnfignior
1212 1750 1374 1785 tamen
1405 1738 1510 1784 aliis

103 1807 334 1873 Turgana
367 1806 455 1866 est,
496 1807 548 1853 in
576 1825 671 1873 qua
699 1807 951 1872 Serapidis
986 1805 1251 1854 maximum
1279 1806 1370 1854 effe
1391 1806 1509 1855 dici-

101 1890 181 1924 tur
202 1877 462 1940 templum.

203 1945 318 1993 Post
360 1945 505 1992 huius
544 1946 778 1992 terminos
824 1946 1005 2009 gentis,
1057 1944 1312 1992 Carmania
1353 1945 1508 1992 maior
1527 1956 1583 2009 453

102 2015 367 2064 verticibus
397 2012 530 2061 celfis
566 2015 796 2078 erigitur,
841 2013 1059 2077 adusque
1095 2013 1324 2060 Indicum
1363 2014 1509 2077 pcrti-

103 2103 223 2133 nens
255 2101 411 2143 mare,
469 2082 746 2130 fructuariis
787 2083 1101 2148 arboreisque
1140 2084 1320 2129 fetibus
1362 2083 1505 2140 culta,

101 2154 188 2203 sed
210 2152 461 2200 obscurior
482 2153 701 2199 Arabum
724 2151 863 2199 terris
883 2153 1037 2200 multo
1060 2166 1108 2200 et
1130 2153 1289 2199 minoi·
1308 2169 1316 2196 :
1349 2150 1507 2196 flumi-

103 2224 248 2270 nibus
270 2234 430 2268 tamen
449 2220 552 2283 ipsa
574 2239 771 2286 quoque
792 2240 892 2268 non
917 2222 1076 2269 minus
1099 2220 1371 2278 abundans,
1403 2237 1507 2265 cae-

99 2291 334 2356 spitisque
356 2289 505 2336 ubere
528 2290 657 2336 iuxta
686 2289 910 2337 fecunda.
991 2291 1174 2337 Amnes
1204 2302 1364 2334 autem
1394 2288 1503 2333 sunt
1522 2293 1577 2348 ssf‘.)

103 2362 186 2409 hic
209 2358 407 2407 caeteris
429 2357 645 2405 notiores
678 2359 939 2423 Sagareus,
987 2373 1034 2406 et
1065 2356 1288 2421 Saganis,
1330 2370 1376 2402 et
1406 2356 1504 2420 Hy-

104 2430 311 2477 diiacus.
391 2427 516 2474 Sunt
544 2427 688 2475 etiam
714 2427 958 2488 civitates,
1009 2429 1124 2475 licet
1159 2442 1360 2471 numero
1392 2443 1505 2488 pau.

104 2517 216 2560 cae,
251 2497 384 2545 victu
406 2510 565 2543 tamen
587 2510 634 2543 et
654 2497 787 2544 cultu
815 2515 1047 2563 perquam
1075 2492 1327 2557 copiosae:
1377 2494 1503 2541 inter

106 2586 224 2633 quas
244 2567 366 2614 nitet
390 2567 624 2613 Carmana
645 2566 863 2613 omnium
891 2581 1043 2613 matei
1055 2600 1067 2626 ,
1111 2578 1157 2612 et
1188 2561 1469 2628 Portolparu
1459 2586 1500 2625 ι,

107 2651 155 2685 et
172 2633 491 2696 Alexandria,
521 2648 568 2682 et
596 2634 943 2701 Hermoupolis.

1530 2498 1541 2519 Κ

553 2747 677 2758 -ι-υ-ο-

155 2800 210 2845 16)
251 2802 302 2835 nl.
339 2797 595 2849 sospitalisque.
