1727 3144
516 149 900 190 turstanus,
974 137 1087 183 565.
1453 144 1548 188 :255

208 256 213 262 ¹
238 260 376 310 Haec
403 261 522 309 dum
554 280 730 326 magno
762 261 1016 309 molimine
1047 275 1417 324 comparantur,
1461 265 1549 312 Su-
1570 282 1599 326 7

135 348 249 380 rena
283 332 494 379 hostium
525 331 621 379 dux
651 332 868 379 iumenta
898 331 1131 391 adortus,
1189 348 1312 394 quae
1354 332 1402 377 in
1425 335 1546 382 lucis

137 401 432 464 palmaribus
460 401 802 458 vescebantur,
832 420 858 448 a
877 400 1166 448 cohortibus
1197 399 1366 446 nostris
1393 404 1548 464 repul-

131 468 272 517 soriis
303 489 415 517 cum
447 489 718 534 paucorum
744 470 890 518 exitio
918 470 1116 518 habitus
1144 469 1339 529 frustra,
1377 469 1547 517 disces-

111 537 204 584 sit.
274 539 338 586 Et
360 540 566 590 duarum
586 541 776 589 incolae
800 540 1097 600 civitatum‚-
1118 556 1236 604 quas
1267 556 1430 584 amnes
1452 559 1546 585 am-
1567 553 1594 597 8

134 607 269 670 plexi
299 609 486 656 faciunt
515 609 716 675 insulas,
769 627 917 672 parva
955 608 1028 657 sui
1057 607 1239 656 fiducia
1269 606 1448 671 trepidi
1485 608 1546 656 ad

135 675 463 740 Ctefiphontis
484 678 677 726 moenia
710 677 757 725 se
778 678 1117 725 contulerunt:
1160 695 1266 740 pars
1295 694 1383 740 per
1414 676 1548 724 filva-

130 763 240 793 rum
262 744 437 806 densa3
468 746 550 792 alii
574 764 660 810 per
681 743 884 810 paludes
915 747 1098 793 vicinas
1135 747 1281 793 alveis
1313 746 1544 792 arborum

129 828 406 860 cavatarum
434 814 641 877 invecti,
697 813 761 862 ad
788 814 992 861 unicum
1020 814 1254 862 auxilium
1290 829 1336 861 et
1369 815 1547 878 potissi-

128 898 265 928 mum
283 881 471 930 itineris
491 884 628 947 longi
648 921 662 945 ,
695 882 835 949 quod
855 881 1118 947 supererat,
1145 883 1443 945 dilabuntur,
1478 885 1548 930 ul·

128 951 307 998 teriora
334 952 537 1015 petituri
565 966 822 1002 terrarum.
903 953 944 999 E
967 954 1147 1018 quibus
1175 953 1440 1000 relistentes
1465 953 1545 999 ali·
1568 970 1594 1010 9

125 1038 250 1083 quos
279 1021 428 1068 nostri
457 1022 635 1070 milites
666 1021 1004 1069 trucidabant:
1045 1020 1134 1085 ipfi
1158 1039 1356 1086 quoque
1387 1022 1543 1068 lintri-'

126 1088 218 1135 hus
242 1104 289 1137 et
307 1090 496 1152 cymbis
517 1109 603 1156 per
627 1091 755 1139 varia
779 1091 1133 1151 discurrentes,
1172 1090 1391 1154 captivos
1424 1092 1543 1138 alios

123 1155 330 1206 subinde
354 1160 705 1224 perducebant,
779 1159 841 1207 Id
864 1159 995 1207 enim
1021 1173 1122 1206 erat
1148 1158 1324 1205 librata
1358 1159 1544 1206 ratione

126 1225 440 1290 d1spofitum,
488 1243 567 1290 ut,
615 1229 733 1276 dum
762 1229 934 1293 copiae
969 1227 1211 1292 pedestres
1250 1245 1416 1274 muros
1458 1246 1544 1291 op-

123 1298 614 1361 pugnant‚equestres
627 1312 814 1345 turmae
838 1295 1017 1344 divisae
1045 1315 1129 1361 per
1154 1296 1329 1359 globos
1349 1297 1542 1360 abigen-

125 1363 200 1409 dis
223 1364 488 1413 inlisterent
504 1366 722 1431 praedis:
746 1367 940 1430 hocque
960 1364 1172 1429 proviso,
1194 1365 1329 1411 nullo
1343 1366 1541 1427 provin-

124 1433 323 1479 cialium
343 1433 522 1482 damno
547 1436 686 1483 miles
712 1434 976 1482 visceribus
999 1434 1209 1481 hostium
1237 1433 1537 1497 pascebatur.

223 1501 427 1566 Iamque
457 1504 731 1567 Imperator
766 1506 917 1550 muris
961 1503 1241 1566 duplicibus
1283 1503 1540 1565 oppidum,
1565 1531 1618 1558 10

127 1568 300 1617 ordine
331 1572 688 1620 circumdatum
721 1572 851 1618 trino
886 1571 1161 1631 scutorum,
1206 1569 1287 1633 spe
1322 1572 1542 1633 patrandi

126 1639 338 1702 incepti,
372 1641 588 1688 maximis
609 1641 794 1688 viribus
816 1639 1145 1704 oppugnabat.
1223 1639 1321 1685 Sed
1355 1654 1408 1686 ut
1441 1656 1546 1688 erat

122 1706 410 1756 neceffarius
445 1709 713 1774 adpetitus,
777 1709 844 1756 ita
884 1709 1059 1755 effectu
1104 1725 1178 1754 res
1224 1706 1540 1756 difficillima:

124 1793 237 1824 nam
259 1777 467 1825 accelsus
500 1778 720 1844 undique
752 1777 957 1841 rupibus
989 1777 1207 1823 anfractu
1243 1777 1441 1824 celliore
1473 1778 1543 1824 di-

122 1843 295 1906 sciffis,
352 1846 672 1912 flexuofisque
708 1845 1000 1906 excessibus,
1058 1846 1123 1892 ob
1156 1845 1431 1909 periculum
1460 1866 1541 1893 an-

123 1932 237 1978 ceps
261 1914 689 1981 adeundicopiam
717 1915 1012 1979 denegabat:
1056 1915 1264 1962 maxime
1296 1934 1408 1961 cum
1444 1930 1542 1962 tur-

124 2001 200 2031 res
225 1985 508 2032 celebritate
530 1999 578 2033 et
617 1985 874 2032 altitudine
904 1982 1273 2045 formidandae,
1322 1999 1538 2031 montem

123 2049 316 2100 saxeum
340 2055 463 2101 arcis
488 2055 771 2102 naturaliter
793 2053 981 2101 editum
1010 2053 1308 2118 aequabant,
1352 2066 1398 2098 et
1429 2071 1538 2115 pro-

124 2121 262 2168 clivis
292 2123 515 2186 planities
544 2124 736 2170 flumini
764 2123 1025 2170 imminens
1053 2121 1535 2186 propugnaculorum

124 2189 354 2237 firmitate
383 2192 708 2240 muniebatur.
796 2191 1082 2240 Accedebat
1109 2191 1185 2237 his
1219 2188 1350 2236 haud
1380 2189 1533 2236 levius
1561 2214 1604 2240 ι]

123 2259 332 2325 malum,
370 2259 507 2324 quod
525 2261 651 2308 lecta
670 2280 840 2310 manus
862 2275 910 2309 et.
929 2259 1150 2324 copiosa,
1194 2275 1314 2321 quac
1348 2255 1534 2304 obfide-

122 2327 294 2388 batur‚
337 2329 482 2375 nullis
519 2328 581 2376 ad
617 2329 921 2378 deditionem
955 2329 1198 2376 illecebris
1228 2327 1530 2391 flectebatur,

121 2396 207 2444 sed
230 2410 476 2463 tamquam
487 2398 766 2464 superatura
787 2401 863 2448 vel
878 2399 1052 2446 devota
1069 2395 1312 2442 cineribus
1336 2395 1530 2457 patriae,

125 2464 369 2514 refistcbat
397 2466 622 2529 adverfis.
710 2468 817 2518 Iam
858 2485 997 2532 aegre
1042 2464 1366 2512 retentabatur
1413 2463 1534 2510 inl'e-

128 2552 238 2581 rens
284 2534 333 2582 se
387 2537 661 2600 protervius
701 2538 866 2598 miles,
919 2550 967 2583 et
1008 2551 1215 2598 pugnam
1254 2532 1330 2578 vcl
1375 2549 1534 2595 aequo

127 2621 302 2668 campo
331 2603 553 2670 iustoque
586 2607 775 2670 proelio
805 2604 1029 2671 poscens:
1073 2618 1283 2664 cumque
1316 2601 1534 2663 receptui

127 2687 404 2734 caneretur,
437 2674 633 2723 adlidue
655 2674 879 2724 animosis
901 2672 1084 2719 hostem
1117 2669 1324 2734 urgendi
1352 2670 1536 2733 conati-

129 2740 219 2788 bus
246 2742 494 2792 urebatur.

914 2805 1031 2855 ΖΞ.»
