1727 3144
190 172 453 206 VALENT.
493 177 622 208 vax..
656 178 732 207 ET
781 166 1075 207 GR‘ATIAN.
1149 165 1261 224 571.
1367 168 1463 226 507

47 282 236 332 mundo
268 283 459 348 digredi
487 285 740 348 sta-tuiss'et,
794 284 1053 351 Olympiae
1075 326 1078 330 Α
1101 287 1452 352 quinquennali

49 353 312 402 certamine
334 352 424 401 sub
449 356 685 404 Graeciae
716 354 1194 420 conspectutotiUS,
1235 356 1463 407 adscensu

50 437 196 484 roge,
227 441 375 488 quem
397 424 499 489 ipse
523 425 817 487 construxit,
848 425 1058 487 flammis
1080 422 1362 488 absumptus
1383 427 1461 474 est.

147 491 212 538 Et
230 493 338 556 post
359 493 492 541 hunc
519 493 693 543 diebus
718 493 937 561 sequutis,
959 490 1191 546 oninium
1204 493 1305 541 fere
1335 494 1463 541 ordi-
1479 498 1538 551 40

48 575 168 606 num
188 562 480 624 multitudo,
514 582 661 628 quam
695 563 986 613 nominatim
1021 560 1270 610 recensere
1301 562 1368 611 est
1395 582 1465 610 ar-

50 625 231 690 duum,
274 630 326 678 iu
356 633 518 696 plagas
549 633 914 682 calumniarum.
935 632 1186 687 coniecta,
1225 631 1466 695 perculso·

48 714 156 744 rum
177 697 394 748 dexteras
414 701 659 764 fatigavit,
689 701 948 748 tormentis
971 715 1018 747 et
1050 701 1254 763 plumbo
1287 715 1336 748 et
1353 719 1468 751 ,ver-

47 765 250 814 beribus
273 783 383 816 ante
406 768 687 816 debilitata:
717 768 1064 832 sumptumque
1088 769 1155 815 est
1177 768 1238 815 de
1269 769 1470 833 quibus-

51 832 164 883 dam
205 835 304 884 fine
339 836 636 902 spiramento
676 837 754 884 vel
800 853 938 884 mora
972 836 1470 901 liipplicium,·›dum

53 902 573 967 quaeritur,-'au·sumi
596 902 825 954 deberet:
856 919 978 953 etsut
1000 905 1248 970 pecudum
1281 906 1467 971 ubique
1507 936 1509 938 -

51 972 315 1022 trucidatio
357 974 672 1023 cernebatur„
733 972 929 1022 Deinde
961 974 1176 1036 congesti
1220 975 1467 1026 innumeri
1485 981 1538 1036 41

50 1041 276 1103 codices,
313 1057 361 1091 et
382 1043 542 1090 acervi
576 1042 883 1090 voluminum
911 1042 1055 1089 multi
1085 1041 1172 1089 sub
1201 1040 1469 1106 conspectu

50 1110 272 1158 iudicum
298 1111 600 1160 concremati
628 1110 765 1168 sunt,
813 1129 870 1159 ex
903 1109 1133 1158 domibus
1169 1111 1297 1157 eruti
1323 1113 1467 1159 variis

49 1194 103 1226 ut
121 1180 306 1242 illiciti,
361 1180 424 1227 ad
454 1181 733 1228 leniendam
763 1179 1014 1228 caesorum
1045 1179 1308 1240 invidiam,
1354 1198 1469 1231 cum

51 1248 200 1297 effent
216 1249 440 1314 plerique
465 1249 744 1297 liberalium
771 1247 1139 1314 disciplinarum
1166 1247 1356 1296 indices
1385 1266 1467 1298 va·
1511 1279 1514 1285 ·

54 1336 237 1368 narum
260 1332 308 1366 et
331 1337 466 1365 iuris.

153 1387 329 1452 Neque
348 1388 414 1434 ita
437 1387 591 1433 multo
614 1385 720 1450 post
744 1386 986 1434 Maximus
1013 1386 1094 1434 ille
1120 1385 1464 1450 philosophus,
1483 1395 1540 1449 42

54 1455 128 1504 vir
148 1457 336 1519 ingenti
357 1456 556 1504 nomine
576 1454 909 1503 doctrinarum
923 1493 936 1515 ,
971 1455 1108 1502 cuius
1129 1473 1184 1502 ex
1203 1455 1466 1503 uberrimis

52 1519 358 1572 sermonibus
393 1524 456 1572 ad
483 1523 734 1572 seientiam
763 1523 991 1589 copiosus
1032 1524 1248 1572 Iulianus
1291 1524 1467 1571 exstitit

54 1593 356 1659 Imperator,
396 1594 582 1642 oraculi
613 1592 755 1657 supra
791 1593 912 1640 dicti
946 1592 1108 1640 versus
1145 1592 1326 1640 audilse
1360 1593 1469 1639 inli-

53 1665 290 1725 mulatus,
323 1662 471 1728 seque
498 1663 783 1727 comperiss'e
812 1660 1065 1721 adsensus,
1102 1660 1186 1709 sed
1219 1660 1469 1709 reticenda

54 1732 363 1796 professionis
412 1731 801 1780 consideratione
852 1748 955 1778 non
999 1729 1240 1791 effudiss'e,
1297 1747 1471 1778 verum

54 1802 185 1848 ultro
217 1800 530 1865 praedixisse,
577 1798 879 1848 consultores
910 1798 1042 1863 ipsos
1070 1798 1321 1864 suppliciis
1355 1815 1469 1863 poe-

54 1869 246 1917 nalibus
278 1871 554 1934 perituros:
594 1868 842 1932 Ephesum
871 1867 933 1916 ad
965 1869 1224 1932 genuinam
1262 1867 1476 1931 patriam*

58 1937 233 1986 ductus
263 1940 321 2004 ¹²)
342 1939 512 2004 ibique
540 1939 700 2003 capite
741 1951 1018 1998 truncatus,
1077 1935 1220 1983 senlit
1261 1935 1470 1985 docente

54 2007 278 2072 periculo
309 2008 586 2071 postremo,
642 2006 926 2070 quaesitoris
964 2005 1276 2069 iniquitatem
1315 2005 1470 2051 omni-

58 2077 149 2123 bus
175 2075 266 2124 effe
301 2075 589 2124 criminibus
622 2076 911 2139 graviorem.
994 2072 1292 2122 Constrictus
1321 2072 1465 2120 etiam
1486 2081 1542 2134 45

58 2145 306 2209 Diogenes
336 2145 522 2209 laqueis
550 2145 730 2208 impiae
761 2143 1001 2203 sallitatis,
1051 2142 1124 2188 vir
1158 2141 1315 2188 nobili
1353 2157 1465 2203 pro-

58 2213 190 2278 sapia
210 2212 386 2273 editus‚
415 2214 628 2277 ingenio,
667 2212 893 2261 facundia
913 2210 1107 2270 soreufi,
1136 2209 1465 2271 suavitateque

58 2283 325 2348 praestans,
381 2280 570 2328 dudum
613 2281 871 2348 Bithyniae
908 2294 1106 2343 nector,
1156 2291 1211 2325 ut
1245 2277 1467 2340 opimum

60 2351 411 2416 patrimonium
446 2350 549 2398 eius
599 2348 918 2416 diriperetur,
969 2347 1164 2412 capitali
1205 2345 1270 2393 est
1311 2362 1467 2408 poena

64 2420 296 2469 adfectus.
377 2419 505 2468 Ecce
536 2433 697 2470 autem
726 2420 931 2486 Alypius
960 2433 1156 2482 quoque
1187 2432 1243 2462 ex
1264 2413 1464 2462 Vicario
1485 2423 1542 2477 44

63 2489 456 2551 Britanniarum,
512 2488 808 2552 placiditatis
861 2489 1013 2536 homo
1068 2482 1309 2531 iucundae
1360 2481 1466 2545 post

66 2559 265 2606 otiosam
287 2573 335 2607 et
353 2557 611 2623 repofitam
630 2558 780 2604 vitam
801 2559 1052 2623 (quoniam
1083 2554 1180 2600 huc
1210 2568 1364 2616 usque
1396 2551 1466 2595 in-

66 2627 240 2675 iustitia
262 2626 529 2676 tetenderat
548 2629 737 2691 manus)
764 2626 815 2675 in
847 2625 1064 2690 squalore
1092 2621 1304 2669 maximo
1337 2619 1467 2667 volu-

119 2791 181 2836 12)
209 2789 274 2826 ΜΓ.
307 2792 350 2827 τὸ
378 2797 498 2838 capite
526 2789 636 2826 deest.
