1727 3144
247 135 320 165 DE
351 135 1078 168 ouo-'icnsznEoDErtico
1115 142 1247 171 sares
1387 130 1484 187 619

81 241 269 290 minore
293 243 573 294 Veronense
600 246 663 294 V.
697 246 944 294 Kalendas
976 248 1223 302 Octobris.
1305 249 1482 315 Ibique

80 309 398 375 persequutus
430 315 496 362 est
527 333 640 362 eum
672 315 1037 378 Theodericus,
1076 333 1123 365 et
1155 336 1313 383 pugna
1343 320 1482 381 facta,

80 379 365 428 cecideruut
387 384 559 447 populi
580 384 640 431 ab
667 398 870 449 utraque
898 399 1060 449 parte:
1104 400 1264 435 tamen
1293 386 1483 451 supera-

82 459 158 493 tus
215 448 482 498 Odoachar
528 453 652 516 sugit
701 453 979 500 Ravennam
1034 455 1192 519 pridie
1237 454 1482 502 Kalendas

84 515 333 565 Octobris.
404 520 467 568 Et
494 522 848 585 perambulavit
879 523 1217 571 Theodericus
1249 523 1481 571 Patricius
1499 527 1550 571 51

81 585 448 649 Mediolanum,
493 604 540 637 et
586 589 892 638 tradiderunt
931 590 979 639 se
1020 593 1092 638 illi
1131 593 1336 639 maxima
1376 610 1484 657 pars

81 655 317 703 exercitus
341 657 607 720 Odoacris‚
642 677 731 706 nec
752 677 851 705 non
875 674 922 706 et
955 661 1081 707 Tufa
1111 661 1332 725 magister
1361 662 1487 707 mili-

79 735 181 769 tum
197 761 210 785 ,
249 743 395 789 quem
417 729 724 776 ordinaverat
746 726 1008 792 Odoachar
1027 747 1139 775 cum
1168 730 1484 792 optimatibus

77 790 174 837 suis
195 792 306 839 Kal.
331 796 529 856 Aprilis.
602 794 677 841 Eo
695 811 822 840 anno
842 795 1002 842 mistus
1025 797 1089 842 est
1112 798 1237 843 Tufa
1264 798 1485 859 magister

78 861 333 906 militum‘a
356 861 672 909 Theoderico
694 864 863 908 contra
887 862 1165 910 Odoacrem
1189 865 1483 911 Ravennam.

79 929 294 977 Veniens
335 931 563 977 Faventia
607 930 761 990 Tusa,
822 929 1013 978 obsedit
1050 932 1325 979 Odoacrem
1369 952 1482 979 cum
1499 943 1557 987 52

78 997 321 1057 exercitu,
350 1017 462 1045 cum
499 1016 596 1063 quo
631 999 842 1047 directus
873 1000 1055 1053 sueratz
1097 1016 1143 1048 ct
1173 1003 1286 1048 exiit
1319 1002 1485 1048 Odoa-

77 1065 276 1114 charde
296 1067 547 1128 Ravenna,
587 1081 633 1115 et
655 1069 787 1115 veuit
814 1069 1086 1115 Faventiam
1106 1106 1116 1123 ‚
1163 1087 1203 1117 ei
1237 1071 1363 1126 Tufa
1396 1085 1485 1116 tra·

79 1135 207 1182 didit
225 1136 444 1183 Odoacri
468 1137 685 1184 Comites
711 1136 908 1184 Patricii
936 1138 1261 1199 Theoderici,
1295 1154 1340 1186 et
1363 1139 1484 1185 milli.

77 1204 187 1252 funt
205 1204 254 1251 in
278 1205 409 1252 ferro
424 1243 439 1265 ‚
472 1220 519 1252 et
539 1205 737 1252 adducti
755 1206 1044 1254 Ravennam.

183 1290 254 1320 FA
270 1291 338 1321 us
354 1293 429 1322 ΤΟ
463 1293 535 1321 ET
570 1293 641 1322 Lo
658 1294 685 1322 N
702 1291 758 1321 G1
777 1294 802 1322 N
822 1295 866 1322 o.
918 1276 1007 1322 llis
1029 1273 1306 1323 consulibus
1319 1275 1484 1322 Odoa-
1500 1286 1557 1330 53

78 1341 198 1390 char
228 1361 311 1392 rex
346 1344 460 1390 exiit
490 1344 551 1392 de
579 1346 820 1392 Cremona
854 1359 901 1391 et
941 1344 1204 1391 ambulavit
1247 1344 1484 1391 Mediola-

78 1431 216 1459 num.
300 1412 444 1461 Tunc
474 1427 710 1461 venerunt
742 1413 1045 1477 Wiligothae
1084 1413 1134 1459 in
1186 1412 1486 1460 adiutorium

80 1480 410 1542 Theoderici,
455 1496 502 1529 et
530 1482 654 1530 facta
685 1482 751 1530 est
778 1501 937 1546 pugna
971 1482 1111 1546 super
1142 1481 1344 1527 fluvium
1386 1481 1487 1528 Ad-

83 1550 256 1612 duam,
300 1565 348 1597 et
377 1551 662 1599 ceciderunt
689 1553 860 1615 populi
895 1554 956 1598 ab
987 1568 1190 1614 iuraque
1228 1565 1386 1612 parte:
1436 1564 1485 1596 et

82 1619 270 1667 occisus
301 1620 367 1666 est
397 1619 584 1667 Pierius
614 1638 777 1667 comes
806 1620 1183 1667 domesticorum
1222 1619 1320 1665 111.
1365 1619 1485 1665 Idus

80 1688 345 1752 Augustas,
389 1703 436 1736 et
468 1689 593 1753 fugit
619 1688 883 1736 Odoachar
923 1690 1225 1748 Ravennam,
1284 1701 1330 1734 ct
1372 1704 1485 1734 mox

79 1756 402 1822 subsequutus
425 1758 490 1805 est
512 1776 622 1805 eum
645 1758 882 1805 Patricius
921 1757 1258 1805 Theodericus
1276 1756 1485 1803 ‘veniens

79 1827 131 1871 in
161 1826 355 1888 Finem,
404 1841 451 1874 et
488 1828 596 1874 fixit
634 1826 885 1884 foll‘atum,
935 1827 1158 1873 obfidens
1206 1823 1486 1871 Odoacrem

81 1894 297 1943 clausum
327 1914 416 1959 ¹per
444 1896 707 1943 triennium
742 1896 992 1956 Ravenna,
1034 1910 1080 1942 et
1110 1895 1291 1940 factum
1325 1893 1390 1939 est
1412 1910 1490 1938 us-

83 1981 177 2028 que
200 1963 262 2010 ad
282 1963 362 2010 sex
383 1963 565 2010 solidos
583 1963 780 2010 modius
798 1964 964 2010 tritici.
1045 1963 1106 2007 Et
1139 1962 1331 2007 mittens
1362 1962 1489 2021 lega-

81 2034 267 2079 tionem
306 2032 646 2080 Theodericus
686 2033 937 2091 Faustum,
995 2044 1139 2094 caput
1180 2029 1371 2084 Semini,
1424 2027 1487 2074 ad

82 2102 337 2148 Zenonem
357 2101 721 2164 imperatorem,
752 2115 799 2148 et
818 2102 879 2147 ab
899 2098 1074 2147 eodem
1093 2098 1286 2162 sperans
1308 2096 1485 2169 vestem

83 2170 129 2217 sc
153 2168 355 2217 induere
377 2169 573 2232 regiam.
876 2218 878 2222 λ
1078 2207 1088 2211 ,
1320 2200 1322 2203 .
1468 2170 1472 2174 ’

180 2255 409 2286 oLYssizi
425 2257 453 2283 0
479 2242 539 2285 V.
568 2240 615 2284 C.
641 2235 749 2284 Cos.
823 2235 935 2283 Hoc
962 2234 1157 2281 consule
1181 2234 1293 2281 exiit
1320 2230 1484 2279 Odoa-
1505 2240 1564 2294 54

83 2308 201 2355 char
229 2325 311 2354 rex
342 2307 401 2353 de
434 2306 659 2353 Ravenna
687 2320 858 2365 nocte,
897 2323 1008 2351 cuni
1042 2304 1232 2349 Herulis
1253 2300 1485 2365 ingressus

84 2378 136 2425 in
161 2377 358 2437 Pineta,
405 2376 455 2421 in
484 2374 655 2421 folsato
688 2374 886 2420 Patri-cii
916 2371 1242 2431 Theoderici,
1291 2385 1338 2417 et
1365 2369 1490 2415 ceci-

88 2445 265 2494 derunt
284 2445 344 2491 ab
364 2458 569 2508 utraque
590 2457 721 2507 parte
747 2442 1006 2500 exercitus,
1044 2455 1089 2487 et
1111 2441 1299 2502 fugiens
1324 2437 1491 2487 Levila

87 2514 308 2578 magister
339 2513 551 2561 militum
591 2512 857 2571 odoacris,
913 2510 1096 2557 occisus
1139 2510 1203 2557 el't
1244 2509 1294 2554 in
1339 2505 1489 2553 fluvio

88 2582 321 2631 Veiente:
365 2596 412 2629 et
443 2581 598 2628 victus
629 2580 856 2628 Odoacer
891 2579 1013 2641 sugit
1054 2579 1279 2626 Ravenna
1319 2575 1491 2626 Idibus

92 2652 243 2697 Iuliis.
324 2652 480 2715 Igitur
510 2663 705 2697 coactus
740 2647 1000 2695 Odoachar
1023 2647 1160 2694 dedit
1178 2647 1335 2693 filium
1351 2642 1493 2691 suum

92 2719 311 2767 Thelane
337 2719 555 2768 oblideni
583 2717 926 2776 Theoderico,
970 2730 1166 2781 accepta
1196 2715 1321 2773 fide,
1366 2711 1496 2759 seem
