1727 3144
217 141 315 186 420
445 152 714 185 AMMIANI
759 151 1154 184 MARcELmM
1209 151 1355 196 xxvi,
1409 151 1452 196 7,

178 273 206 319 8
319 262 421 310 Ubi
448 280 535 326 per
567 261 690 310 haec
713 276 760 309 ct
780 260 950 308 fimilia
973 260 1121 308 factio
1139 260 1344 309 firmiter
1365 258 1623 309 videbatur

223 331 314 381 effe
348 331 640 396 composita,
696 331 925 391 restabat,
981 343 1036 376 ut
1076 329 1327 377 abundans
1368 342 1626 394 cogeretur

220 401 431 448 rnilitum
450 418 645 448 manus:
683 414 730 447 et
763 400 1076 463 impetratum
1109 399 1175 446 cst
1200 399 1368 461 facile,
1408 399 1462 445 id
1490 397 1629 462 quod

220 469 272 516 in
298 469 510 533 publicis
528 469 847 517 turbamentis
869 468 1126 531 aliquoties
1147 466 1257 515 ausa
1279 467 1514 532 iugentia,
1548 467 1627 514 v'el

176 551 204 591 9
220 538 351 585 iustis
374 536 537 585 exorsa
560 537 842 602 p1im01diis
865 536 1140 601 impedivit.
1211 536 1539 584 Transeuntes
1562 534 1626 582 ad

219 606 582 673 expeditionem
616 625 704 671 per
730 606 965 655 Thracias
992 606 1265 654 concitatae
1294 605 1516 671 equitum
1544 621 1627 668 pe-

218 675 473 740 ditumque
509 689 722 738 tunnac,
770 675 1047 740 blandeque
1082 688 1309 740 acceptae
1342 688 1390 722 et
1415 671 1628 721 liberali-

217 759 291 791 ter
324 763 437 792 cum
470 744 644 803 essent,
688 762 954 808 omnesque
982 744 1032 790 in
1062 762 1214 790 unum
1243 742 1385 804 litae,
1417 743 1624 820 iamque

218 814 455 861 exercitus
478 812 659 876 species
691 813 971 878 adpaieret:
1000 812 1240 876 promissis
1264 813 1387 859 ube1
1392 828 1525 858 rums
1556 810 1627 856 in-

218 882 435 942 hiantes,
467 881 554 929 sub
579 880 987 929 exsecrationibus
1007 880 1126 928 diris
1146 881 1198 926 in
1227 881 1376 928 verba
1405 880 1625 926 iuravere

219 949 479 1013 Procopii:
534 949 661 996 hanc
703 949 913 1012 polliciti
953 948 1296 1014 pertinaciam,
1337 947 1474 1014 quod
1513 965 1629 995 eum

154 1017 315 1064 xol'uis
336 1018 376 1080 ²)
398 1017 541 1063 armis
563 1015 899 1065 defensabunt.
970 1017 1175 1065 Inventa
1198 1017 1264 1064 est
1286 1020 1415 1064 enim
1442 1014 1628 1065 occalio

221 1084 284 1132 ad
304 1083 588 1132 alliciendos
613 1102 695 1132 eos
726 1101 959 1150 perquam
992 1099 1295 1152 opportuna:
1335 1085 1470 1151 quod
1503 1087 1628 1133 Con-

218 1153 378 1201 stantii
398 1154 552 1200 filiam
570 1154 848 1217 parvulam,
885 1153 1023 1201 cuius
1049 1152 1324 1201 recordatio
1358 1154 1625 1214 colebatur,

217 1221 324 1270 finu
353 1221 456 1286 ipse
487 1221 861 1285 circumferens,
904 1220 1302 1271 neceffitudinem
1342 1221 1628 1287 praetende-

219 1291 304 1338 bat
332 1305 379 1338 et
398 1291 592 1339 Iuliani.
663 1291 987 1356 Adeptusque
1014 1291 1080 1339 est
1109 1291 1242 1338 aliud
1269 1291 1481 1356 tempori
1512 1308 1628 1339 con-

220 1378 421 1424 gruum:
460 1360 597 1425 quod
620 1360 866 1423 Faustina,
908 1374 1061 1408 matre
1082 1361 1309 1425 puellae,
1348 1359 1460 1407 casu
1491 1377 1627 1424 prae-

217 1428 374 1490 sente,
425 1429 665 1493 quaedam
704 1443 954 1495 acceperat
984 1430 1180 1477 habitus
1214 1429 1416 1494 insignia
1447 1428 1630 1492 princi-

157 1517 202 1544 11
219 1498 358 1562 palis.
439 1497 681 1563 Adiungit
712 1499 784 1546 his
812 1498 944 1546 aliud
984 1500 1141 1547 veloci
1183 1496 1434 1562 diligentia
1473 1511 1628 1545 matu-

220 1566 455 1614 randum:
488 1581 534 1614 et
556 1568 697 1615 electi
722 1567 922 1632 quidam
951 1567 1214 1616 stoliditate
1243 1567 1532 1632 praecipites
1563 1565 1627 1613 ad

219 1634 560 1698 capessendum
580 1637 830 1702 Illyricum
849 1636 967 1684 miffi
990 1636 1125 1699 sunt,
1159 1637 1295 1683 nullo
1327 1650 1516 1700 praeter
1543 1652 1628 1698 ‘pe-

219 1704 472 1750 tulantiam
505 1704 789 1754 adiumento
818 1705 1014 1768 consili,
1060 1723 1234 1753 aureos
1267 1705 1626 1753 scilicet-num-

219 1789 324 1818 mos
348 1775 580 1836 effigiatos
600 1774 651 1820 in
672 1775 861 1822 vultum
884 1775 1002 1823 novi
1028 1775 1296 1839 PrincipiS,
1341 1774 1530 1837 aliaque
1562 1773 1625 1820 ad

219 1840 472 1887 illecebras
512 1857 757 1906 aptantes:
821 1861 944 1908 quos
983 1857 1236 1908 correptos
1272 1843 1499 1906 Equitius
1536 1859 1624 1906 per

221 1925 298 1954 eas
320 1908 541 1972 regiones
561 1911 772 1958 militum
794 1926 953 1960 rector
972 1913 1192 1959 exstinxit
1223 1929 1397 1975 genere
1433 1908 1623 1956 diverso

153 1996 206 2026 12
222 1994 505 2040 poenarum.
584 1977 823 2042 Pariaque
871 1979 1050 2027 deinde
1092 1993 1338 2039 metuenS,
1391 1976 1624 2025 obstruxit

220 2057 315 2091 tres
339 2045 497 2092 aditus
523 2046 894 2110 angustissimos,
934 2065 1022 2111 per
1053 2065 1175 2110 quos
1210 2046 1490 2112 provinciae
1521 2061 1624 2094 ten-

219 2126 384 2160 tantur
415 2113 652 2176 Arctoae,
691 2133 841 2162 unum
879 2134 966 2180 per
990 2116 1230 2181 ripensem
1251 2116 1479 2176 Daciam,
1509 2116 1623 2164 alte-

220 2200 330 2229 rum
359 2199 446 2248 per
473 2182 659 2231 Succos
687 2183 1013 2245 notisfin1um‚
1053 2186 1251 2232 tertium
1283 2203 1371 2250 per
1391 2183 1622 2237 Macedo-

219 2269 332 2312 nas,
368 2269 513 2316 quem
535 2250 780 2317 adpellant
797 2253 1096 2301 Acontisma.
1179 2254 1385 2319 Hacque
1415 2253 1618 2314 cantela,

218 2337 338 2367 vana
362 2319 665 2384 persuasione
690 2321 910 2386 rapiendi
934 2323 1116 2388 Illyrici
1145 2322 1396 2370 destitutus
1423 2320 1619 2386 usurpa-

216 2401 295 2435 tor
315 2389 562 2437 indebitae
583 2391 852 2469 potcstatis²
891 2411 1061 2457 magna
1093 2391 1309 2458 perdidit
1336 2390 1620 2438 instrumen-

218 2469 268 2504 ta
288 2458 544 2506 bellorum.

159 2530 209 2574 ιδ
260 2553 262 2555 v
316 2527 451 2573 Dum
471 2527 591 2575 haec
616 2526 682 2576 ita
706 2541 935 2592 aguntur,
977 2531 1228 2578 atrocitate
1255 2527 1413 2575 nuntii
1439 2527 1616 2576 Valens

222 2594 492 2658 perculsus,
555 2596 749 2662 iamque
795 2613 1037 2647 revertens
1082 2618 1168 2664 per
1215 2597 1617 2661 Gallograeciam,

266 2756 310 2799 τι)
338 2758 460 2803 Sceplz.
491 2759 632 2793 animis.
