1727 3144
457 192 838 224 Uillianus.
913 178 1027 222 562.
1356 192 1448 222 aot

52 304 307 354 nominum
330 302 602 351 diversitate
622 303 660 368 ³)
683 301 908 363 decursa,
946 318 1070 367 quae
1091 300 1135 347 ei
1158 301 1329 346 orbem
1352 318 1458 363 per-

52 374 238 439 agranti
279 373 501 421 nationes
550 372 774 420 indidere
814 374 855 438 ⁴)
884 370 1189 436 complures,
1243 368 1458 415 aestuans

50 442 373 490 inundatione
409 442 634 489 ditissima
664 441 726 489 ad
759 454 1049 501 cataractas,
1102 437 1173 502 [id
1216 437 1282 485 est
1328 456 1463 501 prae-

51 526 222 578 ruptos
252 511 498 576 scopulos]
528 512 687 573 venit,
727 529 752 559 e
784 511 963 576 quibus
1010 508 1336 573 praecipitans
1366 506 1463 552 ruit

49 581 214 646 potius
225 621 239 646 9
276 599 424 645 quam
442 581 578 627 fluit:
621 581 656 646 ⁵)
682 579 814 627 unde
848 580 972 626 Atos
1005 579 1126 640 olim
1153 577 1340 624 aee'olas
1374 573 1464 620 usu

51 651 242 697 aurium
266 650 458 715 fragore
482 649 683 697 adfiduo
709 648 964 696 deminuto
1001 646 1244 695 necessitas
1275 658 1462 692 vertere

50 717 206 782 solum
239 718 299 765 ad
331 719 572 783 quietiora
605 717 782 780 coegit.
870 716 1060 762 Exinde
1102 716 1259 762 lenius
1297 729 1460 760 means
1487 732 1537 758 10

50 805 139 851 per
188 787 305 834 ostia
360 785 572 850 septem,
617 803 830 849 quorum
864 783 1061 847 lingula
1107 787 1462 848 perpetuorum

50 855 266 902 amnium
291 853 430 901 usum
473 868 520 902 et
552 855 729 901 faciem
758 852 1041 917 praebents
1066 853 1212 899 nullis
1245 870 1332 917 per
1366 851 1463 898 Ae-

51 924 410 990 gyptumaquis
432 923 638 986 externis
662 923 854 970 adiutus
877 920 916 982 ⁶)
929 923 1177 970 eiectatur.
1248 921 1311 968 Et
1327 938 1463 986 prae-

50 1008 123 1042 ter
145 1012 309 1040 amnes
328 993 568 1058 plurimos
595 1010 650 1040 ex
672 993 809 1040 alveo
847 992 1089 1039 derivatos
1127 1005 1353 1050 auctore,
1389 1009 1465 1035 ca-

52 1061 318 1127 dentesque
338 1064 388 1110 in
406 1062 637 1127 suppares
660 1062 787 1122 eius,
819 1060 1003 1125 septem
1026 1060 1323 1124 navigabiles
1353 1057 1464 1104 suut

53 1145 102 1180 et
121 1130 296 1179 undofi
314 1169 326 1193 7
363 1131 543 1195 quibus
568 1130 783 1178 subiecta
801 1131 1042 1177 vocabula
1067 1144 1252 1176 veteres
1272 1127 1465 1174 indide-

56 1200 195 1248 runt:
242 1200 638 1260 Heracleoticus‚
685 1200 1066 1263 Sebennyticus‚
1111 1201 1149 1263 ⁵¹)
1171 1196 1462 1256 Bolbifieus,

53 1267 389 1330 Phatniticu‘s,
422 1269 731 1331 Mendefius‚
778 1269 1057 1328 Taniticus,
1095 1282 1142 1315 et
1171 1265 1461 1313 Peluliacus.

59 1339 238 1385 Oriens
260 1352 422 1385 autem
455 1339 494 1403 ⁸)
516 1337 656 1399 inde,
695 1352 750 1384 ut
780 1337 966 1384 dictum
986 1338 1077 1394 est,
1123 1335 1412 1400 propellitur
1439 1352 1465 1381 e
1488 1352 1532 1378 11

61 1406 324 1472 paludibus
373 1406 594 1471 adusque
642 1420 929 1459 cataractas,
992 1407 1268 1470 insulasque
1319 1404 1466 1450 efficit

57 1477 248 1541 plures:
285 1495 492 1540 quarunt
516 1476 706 1540 aliquae
728 1475 791 1521 ita
814 1477 1052 1538 porrectis
1078 1476 1214 1539 aquis
1237 1474 1468 1520 dicuntur

65 1559 314 1602 extentae,
359 1559 411 1591 ut
462 1544 667 1607 lingulas
706 1562 846 1607 aegre
890 1545 1034 1590 tertio
1081 1543 1159 1590 die
1208 1543 1465 1605 relinquat.

62 1613 197 1662 Inter
226 1632 344 1679 quas
381 1613 505 1661 duae
539 1612 649 1659 sunt
679 1614 862 1673 clarae,
908 1613 1108 1672 Meroe,
1163 1625 1209 1658 et
1237 1611 1409 1670 Delta,
1443 1630 1466 1656 a
1492 1632 1541 1658 12

58 1683 323 1748 triquetrae
345 1682 530 1730 litterae
553 1682 710 1728 forma
732 1680 830 1727 hoe
863 1681 1105 1728 vocabulo
1133 1679 1359 1743 signatius
1391 1677 1473 1724 ad-

44 1753 251 1817 vpellata.
332 1752 456 1799 Cum
483 1765 640 1798 autem
670 1749 742 1798 sol
776 1768 862 1814 per
890 1750 1055 1796 caneri
1079 1748 1208 1796 lidus
1248 1747 1470 1811 eoeperit

58 1820 206 1882 vehi,
244 1820 503 1885 augescens
538 1819 756 1884 adusque
786 1819 1041 1866 transitum
1076 1819 1178 1865 eius
1200 1819 1250 1864 in
1272 1818 1466 1877 libram,

62 1889 335 1954 diebusque
354 1904 550 1937 eentum
569 1888 799 1935 sublatius
818 1891 995 1948 fluens,
1031 1888 1268 1934 minuitur
1287 1887 1468 1951 postea,

41 1973 111 2022 ,ει
141 1959 374 2022 mitigatis
411 1958 712 2022 ponderibus
756 1976 1016 2023 aquarum,
1083 1957 1288 2004 navibus
1334 1970 1472 2002 antea

0 2072 4 2075 .
56 2028 254 2093 pervios
277 2028 566 2093 equitabiles
599 2045 799 2091 campos
828 2026 1057 2074 ostendit.
1142 2025 1359 2072 Abunde
1388 2025 1541 2075 ita-13

61 2115 156 2162 que
181 2098 426 2143 luxurians
446 2097 512 2144 ita
536 2097 602 2144 est
621 2098 819 2155 noxius,
853 2110 908 2142 ut
928 2094 1258 2143 infructuosus
1275 2132 1287 2155 ‚
1323 2093 1358 2140 fi
1391 2111 1469 2140 ve-

58 2166 188 2213 nerit
213 2167 431 2229 parcior:
460 2167 705 2230 gurgitum
740 2166 870 2213 enim
902 2166 1152 2212 nimietate
1181 2165 1468 2210 humectans

61 2235 245 2281 diutius
271 2248 418 2281 terras
436 2239 450 2294 ,'
469 2236 695 2290 ⁴culturas
719 2249 937 2282 moratur
967 2252 1219 2298 agrorum:
1265 2231 1469 2296 parvita-

58 2317 106 2351 te
137 2317 300 2350 autem
332 2303 544 2350 minatur
571 2304 751 2351 steriles
780 2303 976 2368 segetes.
1058 2304 1281 2365 Eumque
1319 2315 1466 2345 nemo

59 2372 325 2437 aliquando
347 2373 513 2420 extolli
535 2373 713 2420 cubitis
735 2373 875 2419 altius
906 2373 1048 2420 XVI.
1086 2369 1308 2436 poll'ell'or
1332 2381 1468 2431 opta-

60 2442 144 2488 vit.
215 2442 302 2502 Et,
343 2441 373 2487 [i
403 2441 634 2489 inciderit
661 2442 984 2501 moderatius,
1028 2439 1282 2505 aliquoties
1310 2437 1463 2483 iactae

60 2508 296 2558 sementes
325 2512 366 2576 ⁹)
385 2511 434 2557 in
466 2511 577 2559 loeo
600 2512 792 2577 pinguis
814 2511 1035 2576 caespitis
1064 2528 1176 2556 euni
1203 2519 1463 2571 augmento

694 2586 716 2601 X

110 2676 149 2719 3)
173 2674 240 2710 ΜΓ,
271 2675 425 2711 decussa.
475 2679 520 2723 4)
548 2677 617 2711 ,ME
644 2676 847 2724 complures
877 2688 911 2711 et
937 2688 1011 2710 ans.
1043 2673 1169 2709 inund.
1205 2676 1239 2715 5)
1267 2671 1335 2706 Ms.
1365 2670 1462 2705 unde

66 2719 264 2757 athololim.
312 2723 356 2759 ἰ’σ.
385 2721 482 2758 und«,-
507 2734 541 2758 et
560 2723 632 2758 huc
660 2723 747 2757 oliui
772 2722 885 2757 act-ol.
933 2725 974 2768 6)
1003 2721 1069 2756 Ml'.
1100 2720 1281 2754 electatus.
1337 2727 1372 2764 7)
1393 2719 1461 2752 Ml.

64 2766 224 2858 3:¹15*ng
260 2768 505 2804 Paihmitieus.
535 2806 539 2811 ,
571 2772 613 2818 8)
660 2768 723 2805 ΜΓ.
763 2768 849 2803 inde
886 2779 922 2802 ut
960 2767 1106 2802 dictum.
1180 2769 1217 2813 9)
1264 2764 1387 2813 Steplz.
1426 2766 1462 2799 in
