1727 3144
481 180 857 216 lULIANUs.
930 165 1050 212 562.
1413 169 1512 215 285

91 293 325 343 introrsus
357 292 530 359 pandis
564 308 612 342 et
642 293 820 359 patulis
846 292 1106 354 cornibus,
1138 290 1346 355 effigiem
1363 293 1508 341 lunae

91 363 415 412 decrescentis
438 365 718 427 ostendunt,
737 361 1050 412 medietatem
1071 374 1202 410 recta
1224 374 1272 408 et
1298 371 1508 408 rotunda

88 434 258 499 regula
289 431 558 482 dividente.

194 503 326 568 Ergo
360 502 411 549 in
445 501 552 567 ipso
581 500 729 549 huius
760 498 1010 564 compagis
1043 498 1275 561 exordio,
1310 498 1397 546 ubi
1429 498 1508 545 Ri·
1521 510 1579 553 58

88 571 238 637 phaei
262 572 499 620 deficiunt
522 586 739 632 montes,
772 570 992 616 habitant
1013 570 1069 633 ¹⁷)
1090 568 1380 634 Arimphaei
1400 568 1511 615 iusti

84 641 341 701 homines,
368 640 752 705 placiditateque
775 639 988 702 cogniti,
1018 655 1142 702 quos
1165 656 1330 686 amnes
1354 636 1513 685 Chro-

86 711 196 757 nius
230 724 278 758 et
307 709 469 757 Bisula
510 710 891 773 praeterfluunt:
942 707 1174 772 iuxtaque
1205 707 1510 771 Massagetae,

85 778 234 825 Alani
270 793 317 825 et
347 778 404 842 ¹⁸)
436 778 692 841 Sar-getae,
733 775 915 840 aliique
934 776 1100 839 plures
1127 777 1348 824 obscuri:
1388 794 1510 841 quo-

86 865 196 909 rum
222 864 310 895 uec
336 847 574 894 vocabula
595 844 741 892 nobis
769 844 875 892 sunt
894 859 1041 903 nota,
1072 864 1165 895 nec
1199 863 1378 893 mores.
1429 846 1579 913 lii-39

88 915 296 963 teriectu
327 913 506 963 deinde
548 933 650 963 non
691 913 932 961 mediocri
970 915 1240 964 Carcinites
1276 912 1510 980 panditur

81 985 239 1046 finuS,
287 985 606 1049 eiusdemque
651 983 866 1031 nominis
900 983 1106 1031 fluvius:
1159 1000 1207 1033 et
1248 984 1503 1049 religiosus

81 1071 172 1118 per
207 1072 286 1101 eas
314 1068 466 1102 terras
503 1052 700 1102 Triviae
732 1053 887 1099 lucus.
967 1053 1100 1102 Dein
1129 1052 1454 1118 Borysthenes
1477 1061 1579 1114 a4o

84 1125 338 1171 montibus
367 1124 530 1171 oriens
561 1123 618 1188 ¹⁹)
648 1120 956 1184 Neurorum,
1015 1123 1320 1187 primigeniis
1358 1122 1507 1170 fonti-

82 1192 175 1239 bus
217 1192 480 1257 copiosus,
567 1190 908 1256 concursuque
959 1193 1229 1239 multorum
1286 1192 1507 1239 amnium.

83 1260 382 1320 adulescens,
420 1261 543 1308 mari
570 1260 844 1326 praeruptis
866 1258 1111 1307 undarum
1139 1261 1404 1309 verticibus
1434 1261 1510 1307 in-

84 1330 311 1377 timatur:
347 1330 485 1377 cuius
507 1329 557 1379 iu
581 1329 881 1393 marginibus
905 1330 1170 1378 nemorofis
1182 1330 1509 1396 Borysthenes

88 1399 155 1445 est
189 1398 389 1458 civitas,
460 1411 508 1446 et
544 1396 933 1462 Cephalonesus‚
1004 1412 1052 1446 et
1081 1417 1189 1447 arae
1223 1398 1508 1447 Alexandro

88 1467 300 1531 Magno,
346 1466 633 1531 Caesarique
662 1465 881 1530 Augusto
912 1466 1135 1516 sacratae.
1217 1469 1393 1533 Longo
1432 1464 1577 1530 eit-41*

87 1536 206 1583 inde
252 1536 509 1584 intervallo
547 1553 699 1600 paene
741 1536 806 1581 est
845 1534 1023 1596 insula,
1100 1556 1247 1602 quam
1283 1538 1509 1585 incolunt

83 1605 230 1653 Sindi
252 1605 522 1669 ignobiles,
566 1604 674 1668 post
693 1604 874 1651 heriles
899 1604 946 1649 in
974 1604 1082 1652 Afia
1104 1605 1241 1653 casus
1262 1607 1505 1670 coniugiis

83 1675 231 1740 potiti
262 1673 582 1721 dominorum
615 1686 662 1720 et
690 1673 861 1719 rebus:
899 1673 1078 1736 quibus
1099 1674 1373 1722 subiectum
1403 1694 1506 1739 gra-

83 1744 177 1792 cile
199 1743 351 1803 littus,
373 1741 627 1789 Achilleos
647 1754 822 1789 vocant
841 1740 1099 1805 indigenae
1122 1742 1352 1806 dromon,
1376 1763 1509 1793 exer·

82 1812 213 1861 citiis
249 1810 388 1859 ducis
424 1808 675 1875 quondam
709 1809 924 1858 Thessali
950 1814 1340 1861 memorabilem.
1423 1814 1507 1861 Ei-

83 1899 180 1948 que
201 1881 422 1946 proxima
445 1880 511 1927 est
532 1879 702 1928 civitas
723 1879 907 1944 TerS,
950 1882 1145 1930 colonia
1174 1882 1502 1946 Phoenicum,

83 1968 230 2017 quam
253 1950 558 2014 praestringit
577 1950 754 1996 fluvius
780 1949 949 2013 Tyras.

175 2018 234 2067 In
254 2017 420 2066 medio
441 2032 602 2065 autem
623 2017 778 2083 spatio
800 2037 964 2080 arcus,
1007 2018 1146 2084 quod
1178 2022 1394 2085 prolixae
1425 2018 1573 2073 ro-42

82 2087 339 2136 tunditatis
371 2087 463 2136 ess'e
494 2087 850 2152 praediximus,
891 2089 1126 2153 quodque
1152 2091 1381 2155 expedito
1406 2090 1503 2136 via-

84 2157 183 2204 tori
226 2156 401 2204 diebus
443 2158 706 2204 conficitur
744 2157 1059 2224 quindecim,
1103 2158 1351 2225 Europaei
1391 2158 1502 2206 sunt

84 2222 261 2286 Alani,
305 2238 354 2273 et
383 2225 712 2288 Costobocae,
753 2242 1017 2292 gentesque
1045 2228 1338 2293 Scytharum
1362 2229 1503 2274 innu-

84 2312 274 2355 merae,
344 2311 469 2359 quae
507 2295 825 2360 porriguntur
861 2296 1079 2362 adusque
1109 2311 1258 2343 terras
1289 2297 1386 2343 line
1418 2315 1504 2363 co-

86 2363 223 2427 guito
264 2365 361 2410 fine
396 2363 652 2411 distentas:
699 2383 906 2429 quarum
937 2384 1046 2430 pars
1080 2366 1247 2428 exigua
1276 2366 1499 2429 frugibus

84 2433 257 2480 alitur:
293 2430 509 2480 refiduae
539 2451 707 2481 omnes
741 2436 956 2499 palantes
989 2452 1074 2499 per
1104 2433 1391 2482 solitudines
1422 2454 1501 2484 va-

85 2500 202 2559 stas,
233 2518 324 2549 nec
356 2501 525 2549 stivam
555 2502 817 2567 aliquando
848 2522 938 2551 nec
969 2503 1233 2550 sementem
1263 2518 1500 2568 expertas,

87 2568 171 2617 sed
193 2569 468 2636 squalentes
500 2585 548 2620 ct
577 2572 643 2639 ²⁰)
676 2572 955 2637 pruinosas,
999 2573 1210 2619 ferarum
1229 2585 1384 2622 taetro
1402 2574 1500 2624 ritu

137 2759 195 2801 ¹7)
218 2756 286 2792 ΜΓ.
308 2757 481 2810 Armepffi
507 2757 601 2796 iusti.
653 2761 718 2810 13)
744 2759 813 2795 ΜΓ.
840 2758 1021 2805 Sat-getae.
1082 2762 1141 2808 19)
1165 2758 1236 2797 Ms.
1267 2757 1502 2805 Netviaruma,

88 2802 156 2849 20)
189 2802 258 2837 Ms.
283 2804 458 2840 rumosas.
