1727 3144
231 174 659 222 consi-Awrms
702 175 773 206 ET
814 174 1129 207 maianus.
1203 161 1319 209 360.
1430 162 1526 208 225

115 285 282 336 edixit.
306 285 311 289 ’
364 285 540 332 Statim
574 299 737 333 tamen
765 299 812 334 et
830 285 1015 349 legatos
1049 284 1295 345 absolvit‚.
1328 300 1374 331 et
1400 287 1572 348 Leo-4

110 374 225 404 nam
240 355 544 420 quaestorem
563 354 703 402 suum
723 355 774 401 in
787 355 968 402 Gallias
986 372 1099 402 cum
1121 353 1295 402 litteris
1319 353 1441 401 datis
1462 356 1523 402 ad

111 425 360 474 Iulianum
395 442 594 489 pergere
624 425 772 472 celeri
792 421 954 471 statuit
972 422 1148 487 gradu,
1184 423 1307 469 nihil
1328 438 1527 470 novato-

111 512 223 541 rum
252 491 300 540 se
332 492 558 540 adserens
585 491 866 558 suscepiffe,
908 491 994 540 sed
1020 510 1132 540 eum
1163 491 1228 557 (fi
1253 490 1393 539 saluti
1415 491 1525 538 suae

108 562 551 628 proximorumque
597 561 833 627 consulit)
881 563 1087 608 tumenti
1124 564 1244 608 flatu
1284 560 1524 624 deposito,

109 631 237 678 intra
271 631 483 679 Caesaris
518 631 566 678 l'e
599 631 884 694 potestatem
914 630 1166 677 continere
1199 630 1522 694 praecipiens.

108 699 278 764 'thue
300 699 353 745 id
373 701 512 746 facile
534 699 750 746 formido
767 699 1119 746 intentatorum
1143 701 1368 762 efficeret,
1395 700 1525 745 velut
1543 701 1573 747 5

108 767 296 830 maguis
338 768 523 815 viribus
560 767 739 827 fretus,
788 767 841 813 in
872 767 1042 814 locum
1070 767 1309 814 Florentii
1340 768 1527 831 praefe-

103 851 244 884 ctum
285 837 530 899 praetorio
571 835 896 898 Nebridium,
939 849 1046 883 tum
1075 836 1377 898 quaestorem
1402 838 1530 884 eius-

110 905 223 953 dem
264 904 479 953 Caesaris
521 919 856 968 promoverat,
927 919 975 954 et
1010 905 1226 952 Felicem
1258 906 1522 967 notarium,

109 974 386 1022 officioium
413 974 605 1038 magisti
608 993 721 1032 um,
763 988 811 1022 et
833 973 1073 1039 quosdam
1101 975 1237 1021 alios.
1276 975 1527 1021 Gumoha-

108 1044 237 1091 rium
256 1044 388 1090 enim
408 1041 726 1090 succcfforem
745 1042 1006 1108 Lupicini,
1038 1056 1299 1108 antequam
1319 1042 1411 1091 scii
1417 1058 1524 1090 etur

104 1111 393 1160 huiusmodi
433 1111 732 1178 quidquam,
784 1113 1066 1179 magiltium
1106 1113 1335 1177 provexit
1367 1131 1526 1161 auno-

107 1199 234 1230 rum

212 1248 454 1315 Ingreffns
482 1250 648 1316 itaque
678 1250 885 1301 Parisios
914 1251 1132 1312 Leonam,
1181 1249 1430 1314 susceptus
1467 1245 1571 1295 utG

108 1317 381 1366 honoratus
412 1333 460 1366 et
495 1321 739 1383 prudens,
779 1321 1009 1384 postridie
1043 1320 1254 1383 principi
1277 1316 1524 1382 progreffo

107 1388 162 1434 in
191 1405 420 1451 campum
452 1406 566 1434 cum
601 1388 916 1435 multitudine
949 1403 1130 1435 armata
1158 1390 1338 1452 pariter
1359 1401 1406 1433 et
1425 1387 1524 1450 ple-

107 1457 248 1516 beia,
282 1474 429 1520 quam
452 1455 512 1502 de
532 1456 763 1503 industria
786 1471 1105 1517 convocarat,
1140 1476 1163 1504 e
1186 1456 1435 1515 tribunali,
1469 1468 1525 1501 ut

109 1526 347 1573 emineret
369 1525 537 1585 altius,
570 1524 879 1588 supet-stanti,
917 1524 1091 1588 scripta
1114 1527 1307 1571 iubetur
1332 1526 1521 1572 offerre.

108 1593 463 1658 Replicatoque
483 1592 731 1640 volumine
752 1594 926 1652 edicti,
971 1593 1109 1656 quod
1132 1592 1322 1639 missimi
1347 1593 1436 1652 cst,
1474 1607 1523 1640 et

106 1663 206 1727 legi
237 1664 299 1710 ab
327 1660 537 1709 exordio
569 1675 775 1725 coepto,
813 1680 926 1708 cum
956 1675 1154 1708 ventum
1185 1660 1346 1708 fniffet
1369 1660 1428 1706 ad
1452 1662 1524 1707 lo-

108 1750 223 1779 cum
243 1730 296 1777 id
317 1730 678 1790 continentem5
718 1729 856 1794 quod
885 1729 1007 1795 gesta
1027 1730 1191 1777 omnia
1214 1730 1523 1777 Constantius

107 1801 425 1865 improbans,
479 1797 694 1847 Caesaris
744 1800 1028 1863 potestatem
1066 1798 1285 1846 sufficere
1326 1799 1521 1847 Iuliano

107 1867 364 1930 censebat,
403 1869 446 1933 ⁴)
478 1868 833 1915 exclamabatur
860 1869 1080 1932 undique
1118 1876 1297 1916 vocum
1331 1868 1524 1914 terribi-

106 1938 232 1985 lium
260 1936 410 1986 I'onu:
491 1939 708 1999 Auguste
738 1940 955 1996 Iuliane,
996 1947 1049 1984 ut
1073 1940 1424 2000 provincialis,
1476 1947 1520 1984 et
1541 1950 1569 1995 7

107 2009 271 2068 miles,
299 2016 346 2053 et
365 2007 680 2069 reipublicae
702 2010 918 2055 decrevit
940 2010 1206 2054 auctoritas
1216 2026 1234 2065 5
1269 2017 1524 2053 recreatae

107 2079 304 2142 quidem
319 2113 331 2137 ‚
346 2079 446 2137 sed
463 2077 621 2123 adhuc
643 2080 895 2123 metuentis
923 2079 1164 2126 redivivos
1196 2077 1524 2124 barbarorum

106 2149 344 2209 excursus.

212 2214 407 2270 Quibus
429 2213 606 2262 auditis
628 2214 818 2262 Leonas
832 2251 844 2275 2
879 2232 992 2261 cum
1011 2215 1189 2262 Iuliani
1206 2215 1379 2263 litteris
1401 2213 1521 2262 haec
1541 2223 1570 2266 8

107 2282 277 2331 eadem
306 2284 342 2347 ⁵)
376 2282 705 2330 indicantibus
734 2284 931 2331 revertit
962 2283 1248 2331 incolumis:
1294 2282 1523 2347 solusque

108 2351 336 2400 adiniffus
377 2352 443 2400 est
472 2351 534 2398 ad
568 2353 918 2415 praefecturam
956 2352 1253 2401 Nebridius:
1303 2351 1356 2397 id
1391 2352 1525 2399 euim

112 2419 283 2469 Caesar
311 2439 510 2485 quoque
531 2420 760 2483 scribens,
792 2439 849 2469 ex
870 2420 1104 2469 sententia
1127 2422 1207 2468 sua
1223 2421 1329 2467 fore
1354 2434 1520 2483 aperte

108 2490 365 2554 praedixit.
438 2489 722 2553 Magistrum
750 2492 880 2538 enim
920 2492 1194 2538 officiorum
1226 2489 1520 2552 iampridem

110 2557 213 2622 ipse
241 2557 526 2606 Anatolium
559 2558 829 2623 ordinavit,
867 2559 1045 2607 libellis
1067 2573 1204 2607 antea
1227 2557 1522 2623 responden·

159 2745 197 2788 4)
224 2743 292 2778 ΜΓ.
331 2747 595 2783 exclamabatur
623 2745 784 2794 undique
810 2756 938 2781 vocum
965 2739 1180 2780 terribilium
1207 2743 1344 2781 sonum.
1392 2748 1432 2794 5)
1453 2744 1523 2781 ΜΓ.

110 2789 370 2828 innotamibua
