1727 3144
426 92 452 119 Q·

1300 168 1326 181 9

314 162 752 215 coN's'rAN‘rms
786 178 861 210 ΕΤ
899 163 1177 217 οΑιιυε,’
1228 167 1343 214 550.
1481 170 1512 216 5

102 292 240 354 nullo
263 290 352 340 fibi
377 291 547 340 relicto
570 305 761 357 praeter
783 287 1002 354 querelas
1023 300 1072 337 et
1091 287 1354 355 lacrymas,
1390 292 1511 356 stipe

99 362 344 412 collaticia
376 360 689 409 victitabant:
731 373 779 408 et
810 358 949 406 civili
974 357 1196 422 iustoque
1216 357 1426 424 imperio
1450 362 1511 409 ad

97 431 401 479 voluntatem
425 429 666 479 converso
690 434 968 490 cruentam‘,
1013 426 1368 477 claudebantur
1390 447 1509 493 opu-

99 496 260 547 lentae
286 497 461 548 domus
489 513 536 547 et
555 500 727 546 clarae.
809 496 857 544 N
861 514 915 543 ec
950 512 1043 543 vox
1073 495 1363 545 accusatoris
1393 499 1508 560 ulla,
1523 513 1551 558 5

95 567 214 616 licet
236 567 506 630 subditicii‚
539 571 578 634 ⁷)
599 569 649 615 in
675 567 752 615 his
771 566 1013 613 malorum
1035 566 1361 630 quaerebatur
1381 585 1511 614 acer-

95 637 213 698 vis‚-
236 652 290 685 ut
324 636 492 685 saltem
522 636 854 701 specietenus
880 633 1084 681 crimina
1113 634 1420 700 praescriptis
1443 637 1509 684 le-

94 719 212 770 gum
233 707 680 766 committerentur,
727 702 865 769 quod
896 700 1156 768 aliquoties
1184 705 1345 752 fecere
1377 707 1511 768 prin-

91 774 229 839 cipes
258 774 413 823 saevi:
457 773 544 823 sed
575 772 822 840 quidquid
860 771 1074 822 Caesaris
1100 772 1508 837 'implacabilitati

92 842 310 905 sedisset,
354 842 408 891 id
440 844 572 893 velut
601 844 672 891 fas
701 843 879 908 iusque
915 840 1210 906 perpensum
1250 843 1505 891 confestim

94 913 360 977 urgebatur
389 913 600 977 impleri.
680 911 1024 976 Excogitatum
1054 911 1120 958 est
1147 910 1291 975 super
1316 911 1420 974 his,
1450 920 1546 963 ut6

94 980 322 1029 homines
346 983 546 1047 quidam
571 981 752 1046 ignoti,
784 981 969 1029 vilitate
1001 978 1103 1045 ipsa
1132 998 1308 1044 parum
1333 999 1504 1029 caven-

97 1048 176 1112 di,
218 1049 281 1098 ad
308 1050 612 1116 colligendos
646 1067 865 1098 rumores
899 1067 986 1115 per
1014 1049 1312 1098 Antiochiae
1353 1051 1503 1098 latera

94 1134 270 1167 cuncta
302 1118 680 1181 destinarentur,
716 1113 916 1167 relaturi
936 1137 1061 1184 quae
1086 1119 1328 1167 audirent.
1362 1119 1401 1184 ⁸)
1435 1120 1504 1167 Hi

92 1203 407 1253 peragranter
449 1202 497 1237 et
536 1188 895 1254 Kdiffimulanter
940 1187 1299 1236 honoratorum
1348 1189 1504 1236 circu-

93 1256 155 1303 lis
198 1256 519 1320 adfiliendQ‘
560 1256 977 1322 pervadendoque
1004 1258 1044 1320 ⁹)
1081 1257 1287 1303 divitum
1329 1257 1504 1304 domus

95 1326 342 1389 egentium
369 1326 565 1386 habitu,
599 1327 660 1390 ¹⁰)
683 1324 931 1389 quidquid
956 1322 1155 1371 noscere
1176 1339 1401 1388 poterant
1428 1326 1503 1373 vel

92 1393 288 1454 audire,
330 1395 535 1441 latenter
563 1392 818 1439 intromissi
853 1409 937 1455 per
968 1392 1171 1456 posticas
1214 1392 1262 1439 in
1305 1394 1503 1458 regiam,

95 1463 414 1510 nuntiabant:
449 1461 501 1508 id
527 1459 836 1509 observa-ntes
857 1460 1218 1522 conspiratione
1247 1463 1503 1525 concordi,

96 1545 154 1579 ut
183 1533 425 1597 fingerent
461 1528 727 1595 quaedam,
788 1541 834 1574 et
871 1528 1067 1590 cognita
1108 1529 1414 1593 duplicarent
1451 1533 1505 1579 in

96 1600 238 1665 peius
260 1619 268 1646 ;
305 1597 470 1646 laudes
494 1616 608 1645 vero
628 1595 987 1660 supprimerent
1010 1596 1248 1658 Caesaris,
1284 1618 1403 1662 quas
1432 1601 1504 1647 in-

96 1669 208 1718 vitis
233 1667 568 1731 compluribus
590 1663 807 1713 formido
839 1665 1079 1711 malorum
1111 1666 1501 1730 impendentium

96 1737 414 1802 exprimebat.
486 1735 548 1782 Et
564 1733 813 1783 interdum
840 1733 1108 1797 acciderat,
1144 1749 1222 1796 ut,
1254 1736 1289 1782 fi
1311 1736 1432 1801 quid
1452 1738 1544 1800 in7

94 1806 334 1872 penetrali
365 1803 578 1865 secreto,
617 1803 753 1851 nullo
781 1802 1020 1851 citerioris
1046 1806 1098 1869 ¹¹)
1128 1805 1256 1852 vitae
1285 1806 1504 1854 ministro

92 1874 373 1941 praesente,
400 1873 754 1939 paterfamilias
765 1872 908 1919 uxori
933 1870 1208 1920 susurrasset
1235 1874 1284 1923 in
1319 1894 1504 1939 aurem,

95 1945 231 1993 velut
260 1943 566 2007 Amphiarao
601 1943 838 1990 referente
867 1955 948 1988 aut
978 1942 1195 2003 Marcio,
1251 1945 1505 2008 quondam

97 2014 290 2063 vatibus
316 2013 532 2078 inclytis,
564 2009 795 2076 postridie
816 2009 1021 2058 disce-ret
1041 2011 1105 2057 im
1112 2026 1327 2076 perator,
1361 2013 1506 2061 Ideo-

101 2101 197 2148 que
219 2082 365 2131 etiam
392 2082 598 2146 parietes
621 2097 908 2128 arcanorum
938 2079 1027 2126 soli
1058 2079 1238 2127 conscii
1269 2082 1507 2129 timeban-

69 2191 73 2194 .
98 2166 193 2201 tur.
282 2149 611 2199 Adolescebat
650 2164 812 2198 autem
861 2148 1154 2196 obstinatum
1200 2151 1546 2215 'propolitumg

103 2239 214 2285 erga
242 2220 364 2267 haec
402 2233 449 2267 ct
475 2218 645 2267 fimilia
679 2220 737 2285 1³)
775 2217 925 2264 multa
964 2216 1237 2279 scrutandi,
1288 2220 1506 2267 stimulos

101 2289 396 2338 admovente
417 2286 608 2351 regina3
654 2287 708 2353 ¹³)
730 2304 853 2353 quae
875 2288 1081 2351 abrupte
1103 2288 1261 2334 mariti
1288 2290 1507 2335 fortunas

102 2358 332 2407 trudebat
353 2357 403 2403 in
425 2358 624 2404 exitium
642 2373 898 2420 praeceps:
932 2375 1044 2403 cnm
1067 2357 1360 2419 cum-potius
1393 2357 1510 2402 leni·-

102 2441 200 2476 tate
218 2426 429 2475 feminea
449 2424 512 2474 ad
531 2426 745 2474 veritatis
763 2425 1178 2491 humanitatisque
1211 2423 1339 2474 viam
1369 2428 1511 2474 relu-

807 2492 914 2540 A2

154 2662 192 2707 7)
217 2659 286 2694 Ms.
310 2670 344 2695 et
364 2659 543 2707 Stephani
564 2657 679 2693 edicto
699 2669 732 2694 et
749 2659 785 2693 in
805 2658 860 2694 his
883 2657 1010 2693 malor.
1061 2664 1094 2700 8)
1133 2656 1200 2692 ΜΓ.
1235 2659 1282 2692 Hi
1312 2673 1512 2709 meragran-

112 2717 174 2740 ter.
223 2719 265 2753 9)
293 2707 395 2753 vulg.
423 2706 561 2740 domos.
617 2710 670 2749 ιο)
699 2706 766 2740 Ms.
795 2716 829 2739 ec
863 2706 986 2752 Steph.
1014 2704 1052 2738 Si
1081 2703 1279 2752 quidquam
1305 2699 1416 2741 nosc.¹
1458 2712 1511 2752 ιι)

110 2753 211 2798 vulg.
247 2753 322 2787 eius
353 2753 456 2786 vitae.
521 2754 575 2794 12)
611 2752 733 2800 Sceph.
764 2751 938 2787 servandi.
1000 2757 1054 2791 13)
1091 2752 1204 2799 vufgj
1229 2764 1321 2799 quae
1358 2753 1511 2802 abrupta

110 2808 131 2832 ο
158 2798 274 2833 mailli
304 2798 447 2833 fortuna
481 2793 664 2836 stridebat,
