1727 3144
1417 149 1443 163 ‚-
1465 150 1471 158 .

558 160 950 194 IULIANUS·
1020 147 1138 194 565.
1415 160 1511 195 041

103 270 274 320 diffuta
295 271 584 338 relinquant
621 272 817 320 flatibus
855 270 1022 336 agitari
1064 283 1347 331 ventoium‚
1384 271 1511 322 inter

99 328 290 388 calceos
312 354 474 389 tamen
503 356 550 389 et
581 343 814 389 verticem
846 341 973 388 nihil
1003 337 1222 387 videatm
1256 340 1506 388 intectum.

98 410 319 457 Armillis
340 411 410 457 uti
432 411 795 475 monilibusque
820 410 1002 470 aureis,
1040 422 1089 456 et
1112 407 1341 472 gemmiS,
1373 425 1508 471 prae-

97 479 241 542 cipue
267 479 562 543 maigaiitis‚
596 480 773 544 quibus
796 446 1071 541 abundant,
1105 475 1369 526 adsuefacti
1400 478 1506 540 post

94 545 305 612 Lydiam
326 549 520 609 victam,
559 562 606 596 et
631 546 880 596 Cnoesum.

198 616 382 678 Restat,
432 631 486 664 ut
523 616 666 682 super
694 631 806 664 ortu
834 614 1010 681 lapidis
1041 613 1188 662 huius
1218 632 1374 680 pauca
1404 612 1505 661 suc·-
1522 622 1578 667 85

95 683 302 731 cinctius
324 686 637 748 explicentur.
706 684 862 748 Apud
881 684 1033 731 Indos
1056 698 1104 732 et
1130 683 1299 731 Persas
1325 701 1506 746 marga-

92 752 214 800 ritae
243 754 551 816 reperiuntur
580 753 630 798 in
661 752 790 799 testis
821 752 1019 800 marinis
1041 752 1248 800 robustis
1272 765 1318 799 et
1338 752 1505 799 candi-

94 819 193 881 dis,
225 821 540 884 permistione
562 820 686 868 roris
705 822 816 868 anni
836 835 1059 885 tempore
1083 820 1366 886 praestituto
1387 838 1504 868 con-

91 903 278 953 ceptae.
358 890 620 954 Cupientes
651 890 781 937 enim
821 891 953 938 velut
991 890 1178 939 coitum
1223 888 1502 955 quemdam,

88 957 324 1006 humores
350 976 407 1006 ex
427 959 586 1006 lunari
609 957 896 1024 adspergine
920 959 1121 1023 capiunt
1158 958 1349 1007 denfius
1382 958 1504 1007 osci-

86 1027 257 1075 tando.
346 1026 636 1092 Exindeque
680 1028 741 1093 ⁴⁵)
778 1027 1054 1092 gravidulae
1092 1028 1245 1076 edunt
1290 1028 1502 1075 minutas

86 1095 253 1159 binas,
291 1111 373 1143 aut
399 1110 583 1158 ternas,
619 1096 698 1144 vel
729 1094 796 1162 ⁴⁶)
815 1097 1022 1145 uniones
1054 1096 1170 1145 ideo
1199 1095 1266 1143 fic
1287 1095 1500 1160 adpella-

88 1177 160 1211 tas
180 1202 193 1226 ,
228 1165 362 1230 quod
387 1164 674 1214 evisceratae
700 1165 972 1214 conchulae
1004 1165 1211 1229 singulas
1242 1161 1500 1229 aliquoties

84 1234 300 1298 pariunt,
331 1233 417 1282 sed
440 1235 663 1282 maiores.
737 1233 898 1300 quue
921 1234 1160 1282 indicium
1183 1234 1250 1281 est
1272 1233 1496 1282 aetherea
1513 1236 1570 1281 86

84 1302 253 1367 potius
285 1302 613 1363 derivatione,
659 1321 808 1368 quam
838 1304 1013 1366 saginis
1049 1302 1205 1367 pelagi
1242 1302 1335 1349 hos
1377 1300 1498 1349 oriri

83 1371 216 1418 fetus
233 1385 280 1418 et
300 1370 456 1419 vesci:
486 1371 624 1436 quod
644 1385 805 1435 guttae
830 1372 1057 1418 matutini
1075 1371 1200 1419 ‚roris
1229 1370 1406 1418 iisdem
1426 1371 1498 1417 in·-

83 1438 220 1487 fusae
249 1440 408 1488 claros
439 1440 658 1488 efficiunt
686 1440 879 1504 lapillos
909 1454 956 1487 et
985 1453 1185 1487 teretes:
1234 1438 1498 1502 vespertini

86 1525 204 1556 vero
230 1508 476 1556 flexuosos
499 1522 696 1570 contra,
725 1522 772 1555 et
806 1509 1005 1568 ruti105‚
1051 1522 1099 1556 et
1127 1506 1399 1554 maculosos
1431 1507 1501 1554 in-

87 1575 298 1624 terdum.
387 1576 596 1626 Minima
630 1590 792 1623 autem
822 1577 900 1622 vel
930 1594 1104 1639 magna
1136 1593 1227 1639 pro
1267 1575 1498 1639 qualitate

81 1645 343 1693 haustuum
384 1647 657 1710 figurantur
699 1644 887 1691 cafibus
926 1644 1133 1691 variatis.
1233 1643 1497 1691 Concuss'ae

80 1731 200 1762 vero
223 1712 488 1780 saepiffime
508 1727 645 1762 metu
667 1713 916 1777 fulgurum
942 1710 1251 1773 inanescunt,
1295 1726 1378 1758 aut
1411 1711 1494 1759 de.

82 1782 204 1829 Lilia
238 1783 463 1848 pariunt,
513 1796 598 1830 aut
638 1795 772 1830 certe
813 1780 942 1829 vitiis
980 1780 1209 1828 diffluunt
1243 1780 1492 1828 abortivis.

83 1853 322 1915 Capturas
351 1864 516 1899 autem
546 1849 768 1898 difficiles
805 1863 853 1898 et
882 1849 1205 1915 periculosas,
1248 1863 1296 1896 et
1323 1850 1493 1914 ampli-
1507 1862 1564 1917 87

83 1919 278 1968 tudines
309 1920 580 1986 pretiorum
601 1918 684 1966 illa
703 1918 852 1966 efficit
873 1919 996 1966 latio
1007 1955 1024 1977 ,
1060 1919 1197 1984 quod
1216 1919 1493 1984 frequenta-

84 1989 126 2036 ri
146 1987 278 2039 sueta
298 1990 464 2037 littora
485 2001 689 2053 propter
712 1985 1003 2052 piscantium
1025 1987 1222 2035 infidias
1250 1987 1495 2035 declinan-

82 2071 181 2121 tes,
216 2072 273 2106 ut
295 2056 496 2124 quidam
516 2056 814 2117 conficiunt,
848 2056 977 2104 circa
1000 2056 1170 2104 devios
1192 2055 1419 2121 scopulos
1444 2069 1491 2102 et

80 2096 384 2174 maiinorum
415 2143 593 2173 canum
629 2126 932 2190 receptacula
962 2125 1264 2175 delitelcunt.
1338 2123 1484 2201 Quo-d
1505 2131 1561 2174 88

85 2213 237 2261 genus
269 2210 487 2259 gemmae
516 2193 662 2241 etiam
691 2194 742 2240 in
770 2194 1038 2242 Britannici
1065 2193 1316 2242 seceffibus
1345 2193 1488 2239 maiis

85 2263 219 2329 gigni
259 2262 481 2328 legique,
525 2261 643 2311 licet
683 2262 918 2327 dignitate
962 2262 1167 2329 dispari,
1219 2279 1317 2309 non
1355 2261 1492 2324 igno-

86 2351 266 2381 r-amus

129 2500 192 2543 45)
217 2496 287 2532 ΜΓ.
317 2494 535 2542 gravidulae.
598 2496 659 2542 46)
688 2495 738 2530 al.
771 2496 925 2533 uniones
954 2494 1001 2533 fic
1032 2494 1250 2545 appellatas,
1288 2496 1387 2545 quod
1417 2498 1491 2534 eius·

87 2555 203 2579 terrae
232 2542 447 2579 conchulae.
