1727 3144
459 209 845 240 IULIANUS.
933 194 1046 239 562.
1336 200 1436 259 309

19 317 314 366 incunabula
337 319 411 384 (ut
432 317 631 383 dicitur)
655 332 1005 383 pervenerunt,
1046 330 1093 365 et
1108 316 1248 364 initia
1274 319 1433 381 prima

19 387 266 435 sacrorum
300 401 436 436 caute
479 402 703 449 tuentur,
758 388 958 436 condita
993 386 1186 451 scriptis
1227 389 1427 434 arcanis.

21 456 129 504 Hac
151 456 393 504 institutus
428 456 683 520 prudentia
713 457 1039 523 Pythagoras,
1082 455 1248 504 colens
1278 453 1431 503 secre-
1450 472 1500 500 21

24 526 119 572 tius
142 524 290 587 deos}⁴
320 525 566 591 quidquid
599 525 720 574 dixit
750 541 832 573 aut
866 525 1047 587 voluit,
1091 523 1432 572 auctoritatem

0 593 113 653 {effe
141 594 347 641 instituit
376 610 553 655 ratam,
592 609 638 642 et
682 596 841 643 femur
880 594 1020 642 suum
1058 611 1259 642 aureum
1299 592 1431 657 apud

22 662 306 728 Olympiam
337 662 477 728 saepe
507 664 826 724 monstrabat,
867 678 914 711 et
948 682 1061 711 cum
1090 663 1252 728 aquila
1278 662 1432 709 collo-

22 749 174 795 quens
193 731 399 779 subinde
421 731 678 779 visebatur.
750 732 881 779 Hinc
900 732 1210 796 Anaxagoras
1240 730 1434 796 lapides
1451 741 1504 772 22

22 818 47 847 e
77 800 213 847 caelo
244 799 487 863 lapsuros,
531 813 578 846 et
611 799 855 863 Putealem
893 799 1067 848 limum
1105 812 1430 862 contrectans,

21 882 256 916 tremores
278 869 469 915 futuros
490 866 796 932 praedixerat
822 883 993 918 terrae.
1066 869 1129 917 Et
1150 869 1308 916 Solon
1327 867 1433 916 sen-

18 937 182 984 tentiis
206 935 401 984 adiutus
423 936 636 1003 Aegypti
657 936 961 987 sacerdotum
978 979 990 1002 ,
1033 939 1143 986 latis
1169 938 1294 986 iusto
1326 955 1430 985 mo·-

20 1005 268 1054 deramine
298 1006 512 1070 legibus,
554 1005 776 1055 Romano
809 1026 1008 1073 quoque
1040 1008 1136 1055 iuri
1163 1007 1430 1056 maximum

19 1073 212 1122 addidit
229 1077 621 1123 firmamentum:
661 1094 721 1124 ex
747 1077 825 1123 his
850 1076 1067 1124 fontibus
1089 1074 1176 1140 per
1203 1075 1431 1122 sublimia

6 1142 240 1208 ‘gradiens
264 1142 544 1193 sermonum
568 1145 892 1210 amplitudine
912 1145 1044 1193 Iovis
1072 1145 1292 1192 aemulus
1322 1143 1429 1190 Pla-

18 1226 103 1261 ton
128 1212 224 1260 visa
245 1214 472 1279 Aegypto
486 1251 500 1277 ‚
531 1214 760 1262 militavit
777 1214 1009 1280 sapientia
1030 1212 1254 1278 gloriosa.

77 1327 82 1334 x
116 1282 357 1330 Homines
403 1297 566 1331 autem
615 1284 847 1350 Aegyptii
898 1284 1118 1348 plerique
1163 1278 1429 1330 subfusculi
1447 1277 1506 1321 23

18 1349 155 1412 sunt,
185 1365 234 1399 et
257 1351 425 1413 atrati,
467 1352 719 1418 magisque
749 1353 1026 1401 maestiores
1040 1388 1056 1410 ,
1100 1350 1352 1416 gracilenti
1381 1363 1430 1397 et

20 1419 172 1481 aridi,
221 1419 284 1467 ad
313 1419 525 1484 singulos
556 1435 719 1469 motus
751 1422 1179 1486 excandescentes,
1233 1433 1430 1468 contro·

20 1488 137 1537 verfi
154 1527 166 1543 .‚
197 1503 246 1535 et
268 1488 558 1553 reposcones
582 1490 820 1538 acerrimi.
894 1489 1148 1537 Erubescit
1175 1487 1307 1553 apud
1328 1505 1429 1548 eos,

17 1558 57 1605 li
79 1558 187 1623 quis
208 1576 307 1605 non
330 1558 588 1607 infitiando
621 1559 832 1620 tributa,
873 1559 1108 1623 plurimas
1137 1559 1188 1604 in
1220 1573 1430 1620 corpore

18 1628 77 1693 ¹⁹)
97 1627 283 1676 vibices
305 1626 543 1675 ostendat.
615 1626 678 1674 Et
696 1628 827 1674 nulla
864 1640 1225 1677 tormentorum
1259 1624 1330 1672 vis
1358 1625 1432 1670 in-

20 1696 178 1744 veniri
211 1695 372 1744 adhuc
402 1697 590 1761 potuit,
639 1714 763 1761 quae
800 1695 1046 1744 obdurato
1082 1693 1213 1742 illius
1249 1695 1431 1748 tractus

19 1765 201 1813 latroni
234 1765 389 1814 invito
432 1764 608 1814 elicere
648 1765 836 1830 potuit,
875 1779 932 1812 ut
959 1781 1141 1813 nomen
1173 1763 1434 1829 proprium

24 1832 170 1881 dicat.

127 1902 188 1950 Id
225 1915 387 1950 autem
421 1914 596 1949 notum
627 1901 716 1963 est,
760 1915 816 1949 ut
845 1901 1040 1949 annales
1079 1913 1264 1949 veteres
1295 1915 1432 1945 mon-
1451 1903 1509 1958 24

23 1971 194 2034 strant,
232 1970 368 2037 quod
386 1970 640 2034 Aegyptus
663 1971 822 2018 omnis
843 1969 948 2018 sub>
966 1969 1134 2017 amicis
1165 1981 1269 2017 erat
1295 1986 1352 2015 an
1362 1982 1434 2014 tea

25 2041 246 2106 regibus:
304 2037 390 2087 sed
430 2039 664 2103 superatis
699 2039 830 2105 apud
859 2039 1063 2087 Actium
1100 2039 1234 2087 bello
1273 2036 1434 2084 navali

26 2110 248 2158 Antonio
272 2123 321 2157 et
341 2109 625 2173 Cleopatra,=
656 2108 1137 2171 provinciae‘nomcn
1156 2105 1345 2170 accepit
1372 2105 1433 2151 ab

29 2178 302 2227 Octaviano
323 2177 541 2241 Augusto
560 2176 775 2240 poss'elsa.
847 2179 911 2243 ΖΟ)
928 2177 1214 2225 Aridiorem
1228 2176 1435 2239 Libyam

27 2246 256 2312 supremo
286 2244 496 2310 Apionis
527 2245 652 2309 regis
677 2245 968 2311 consequuti
998 2245 1162 2294 sumus
1206 2243 1435 2292 arbitrio:

32 2317 242 2382 Cyrenas
273 2333 385 2363 cum
415 2313 616 2361 refiduis
655 2315 934 2363 civitatibus
973 2316 1158 2381 Libyae
1199 2313 1441 2374 Pentapo-

30 2385 159 2450 leOS‚
205 2383 472 2433 Ptolemaei
502 2382 792 2433 liberalitate
820 2384 1135 2449 suscepimus.
1230 2381 1438 2429 Evectus

34 2454 228 2519 longius
243 2491 256 2516 ,
294 2451 357 2502 ad
379 2452 605 2501 ordinem
627 2454 855 2502 remeabo
877 2468 1185 2517 coeptorum.

94 2644 150 2687 ¹9)
174 2639 244 2676 ΜΓ.
274 2639 429 2677 vivaces.
483 2641 545 2687 20)
570 2638 638 2676 ΜΓ.
668 2637 861 2674 aridiorem
891 2636 1053 2684 Libyam.
