1727 3144
198 136 276 166 Dr,
313 134 609 166 ODOACRF.
647 134 1057 165 TquDERlco
1104 137 1229 165 n‘rr.
1372 123 1468 188 (527

1561 228 1574 246 ί

67 242 180 292 effet
199 243 352 291 filiam
374 244 681 309 imperatoris
705 244 948 308 accipere,
985 243 1220 291 exereitus
1243 246 1290 291 in
1323 264 1466 292 arma.

66 312 335 359 Perhibent
357 313 416 361 de
442 316 525 374 eo,
558 313 670 376 quia
690 314 887 378 patellas
918 314 965 358 in
997 315 1229 376 genucula
1262 332 1356 360 non
1392 315 1472 361 ha-
1488 316 1546 370 (20

67 380 265 442 buiss'et,
305 381 389 429 sed
421 382 628 429 mobiles
656 382 870 442 fuissent,
910 395 965 428 ut
996 382 1138 428 etiam
1172 382 1313 429 cursu
1342 384 1471 430 velo-

66 449 251 497 cissimo
282 452 408 499 ultra
436 450 638 498 modum
670 451 928 498 hominum
957 451 1234 498 haberetur.
1325 451 1383 498 In
1421 469 1472 499 re

67 518 266 582 publiea
286 520 487 568 omnino
510 520 971 585 providentiffimus,
1003 521 1167 566 favens
1196 519 1326 584 genti
1345 518 1471 566 suae.

48 587 201 635 ‘Huic
241 587 555 637 insidiabatur
583 588 858 650 Baliliscus,
901 587 1002 652 ipse
1038 588 1222 652 primus
1258 589 1544 651 l'enat01·:41

69 673 166 719 quo
190 661 388 721 cognito
411 659 550 706 Zeno
573 658 829 723 aliquantis
854 657 1035 703 divitiis
1061 658 1199 721 petiit
1222 657 1472 704 Isauriam.

67 726 136 771 At
156 726 342 774 ubiille
364 727 568 791 egi-effus
596 727 684 787 est,
722 742 836 773 mox
864 724 1142 784 Basiliscus,
1193 728 1276 789 qui
1307 728 1378 786 ei,
1423 740 1478 772 ut

69 792 256 841 dietum
279 797 368 857 est,
407 794 749 852 insidiabatur,
794 792 999 856 arripuit
1029 793 1306 856 imperium.
1387 795 1479 840 Ba-

67 860 247 909 filiscus
267 862 525 927 imperavit
550 879 701 908 annos
724 860 795 910 IL
865 861 1006 907 Zeno
1037 862 1319 907 confortans
1353 862 1554 923 Isau-42

68 948 147 977 ros
189 931 314 978 intra
358 931 684 995 provinciam,
742 927 921 976 deinde
964 927 1092 975 mifit
1133 929 1192 975 ad
1231 930 1478 978 civitatem

68 998 282 1059 Novam,
316 1000 365 1045 in
388 1018 482 1063 qua
522 1013 624 1047 erat
653 998 994 1046 Theodericus
1042 999 1138 1044 dux
1179 998 1480 1059 Gothorum,

67 1068 197 1118 filius
227 1069 544 1128 Walameris,
590 1082 638 1115 et
665 1085 776 1115 eum
805 1066 1024 1114 invitavit
1053 1067 1102 1112 in
1134 1066 1356 1114 solatium
1389 1066 1481 1115 fibi

68 1136 294 1185 adversus
315 1136 621 1196 Baliliseum,
659 1137 910 1184 obiectans
940 1136 1174 1191 militem,
1217 1137 1321 1199 post
1348 1136 1483 1183 bien-

69 1207 207 1253 nium
230 1207 444 1267 veniens,
474 1205 698 1254 obsidens
719 1205 965 1253 civitatem
986 1205 1477 1268 Constantinopolim.

70 1276 173 1322 Sed
200 1275 315 1341 quia
341 1277 548 1323 Senatus
577 1289 623 1323 et
656 1275 866 1339 populus
899 1274 1150 1320 Zenonem
1187 1283 1556 1338 metuentes343

69 1362 131 1391 ne
153 1343 276 1409 quid
297 1345 412 1391 mali
436 1358 679 1408 pateretur
701 1343 870 1390 civitas
885 1380 899 1399 ,
937 1343 1106 1390 relicto
1141 1342 1369 1389 Balilisco
1387 1380 1400 1403 ,
1434 1342 1482 1390 se

71 1413 144 1460 illi
165 1431 333 1461 omnes
363 1413 606 1461 dederunt
644 1425 807 1476 aperta
840 1411 1051 1458 civitate.
1131 1410 1380 1458 Baliliseus
1413 1413 1485 1458 fu-

73 1483 207 1546 giens
228 1481 290 1529 ad
327 1481 616 1542 Ecclefiam,
658 1483 783 1527 intra
815 1479 1158 1544 Baptisteriuru
1187 1499 1299 1527 eum
1331 1497 1482 1526 uxore

74 1565 122 1599 et
140 1551 253 1598 filiis
273 1550 560 1615 ingreditur.
645 1550 738 1597 Cui
770 1550 907 1596 Zeno
943 1549 1057 1596 dato
1093 1547 1389 1596 sacramento
1418 1548 1486 1596 se-

75 1638 248 1668 curum
305 1619 397 1667 effe
443 1619 504 1667 de
544 1618 801 1681 sanguine,
850 1618 1036 1675 exiens,
1086 1617 1324 1664 inclausus
1374 1635 1488 1664 eum

73 1706 225 1737 uxore
260 1703 308 1736 et
337 1689 451 1736 filiis
482 1689 607 1735 intra
633 1687 835 1734 cisterna
882 1685 1032 1746 fieca,
1082 1686 1268 1733 ibidem
1305 1687 1486 1749 frigore

76 1758 374 1806 defecerunt.
449 1759 588 1805 Zeno
613 1755 895 1803 recordatus
925 1756 990 1802 est
1011 1773 1174 1802 amore
1204 1756 1410 1803 Senatus
1441 1768 1488 1802 et
1505 1769 1562 1823 44

73 1827 274 1893 populi,
308 1826 569 1874 munificus
592 1826 819 1873 omnibus
845 1824 889 1870 fe
919 1823 1157 1883 ostendit,
1202 1825 1266 1871 ita
1298 1838 1353 1870 ut
1388 1841 1492 1870 om-

76 1915 160 1944 nes
186 1896 231 1943 ei
263 1896 436 1960 gratias
465 1908 677 1959 agerent.
756 1894 938 1941 Senatu
973 1893 1192 1939 Romano
1227 1907 1275 1939 et
1302 1893 1489 1956 populo

78 1965 226 2012 tuitus
258 1964 349 2025 est,
393 1979 448 2011 ut
479 1964 625 2011 etiam
657 1962 701 2010 ei
734 1962 964 2024 imagines
987 1978 1072 2024 per
1095 1959 1280 2007 diversa
1309 1962 1412 2006 loca
1438 1961 1489 2005 iu

79 2035 201 2081 urbe
247 2032 404 2080 Roma
442 2033 733 2080 levarentur.
838 2029 989 2076 Cuius
1033 2042 1252 2092 tempora
1291 2029 1494 2091 pacifica

80 2104 293 2150 suerunt.

182 2160 413 2217 Odoacer
435 2183 552 2215 vero
567 2203 581 2227 ,
621 2165 760 2213 euius
781 2163 923 2228 supra
945 2163 1149 2213 fecimus
1171 2163 1488 2225 mentionem,
1508 2178 1566 2232 45

83 2258 199 2287 mox
219 2236 440 2302 depolito
471 2234 742 2299 Augustulo
767 2232 826 2280 de
850 2233 1081 2298 imperio,
1113 2233 1266 2279 faetus
1289 2233 1353 2280 est
1382 2251 1493 2280 rex:

84 2306 352 2372 mansitque
373 2305 423 2351 in
449 2320 597 2368 reguo
620 2320 772 2350 annos
793 2319 905 2350 xm.
977 2301 1125 2348 Cuius
1147 2316 1278 2365 pater
1301 2301 1492 2350 Aedieo

89 2379 273 2437 dictus,
320 2374 382 2422 de
413 2390 512 2437 quo
544 2372 610 2419 ita
645 2371 893 2419 invenitur
926 2370 976 2416 in
1014 2370 1150 2418 libris
1188 2371 1328 2418 Vitae
1365 2370 1497 2417 beati

88 2443 313 2494 Severini
354 2440 592 2490 Monachi
621 2440 748 2487 intra
781 2439 1110 2499 Pannoniam,
1155 2440 1239 2502 qui
1273 2457 1383 2486 eum
1417 2439 1498 2486 ad-

89 2514 312 2573 monuit,
346 2525 394 2559 et
412 2508 650 2575 praedixit
672 2526 871 2572 regnum
893 2508 993 2554 eius
1023 2509 1253 2554 futurum.
1328 2509 1400 2555 Ita
1429 2526 1500 2554 re-

91 2585 219 2649 peris
243 2581 306 2630 ad
327 2582 507 2628 locum.
578 2577 795 2635 Quidam
822 2576 1042 2637 barbari,
1077 2596 1189 2624 cum
1215 2576 1277 2623 ad
1309 2577 1573 2643 Italiamsffi

93 2665 380 2718 pergerent,
420 2645 770 2714 promerendae
807 2645 1161 2693 benedictionis
1192 2645 1251 2692 ad
1286 2664 1395 2692 eum
1431 2646 1502 2691 in-

96 2720 224 2767 tuitu
245 2719 562 2778 diverterunt,
591 2716 716 2764 inter
742 2733 864 2780 quos
888 2729 934 2763 et
959 2715 1204 2772 Odoaccr,
1230 2716 1313 2780 qui
1342 2715 1503 2778 postca
