1727 3144
208 144 306 204 594
396 156 661 190 AMMiANi
699 156 1095 188 ΗΑΒ-1111111111
1128 157 1279 201 xxm,
1323 159 1398 187 11.
1462 155 1537 188 12.-

206 260 383 332 patulis
459 285 550 316 nec
626 265 815 328 inedia,
896 283 986 315 nec
1055 265 1259 313 occultis
1323 277 1612 314 vexarentur·

206 335 406 384 insidiis.

166 408 197 451 6
302 406 435 454 Dum
453 404 574 451 haec
597 417 803 467 aguntur
821 403 871 450 in
897 402 1148 464 Thraciis,
1177 402 1436 450 Gratianus
1462 401 1610 448 docto

202 473 377 522 litteris
409 487 609 538 patruo,
652 491 746 537 qua
776 472 1007 520 industria
1052 472 1348 537 superaverit
1385 471 1614 517 Alaman-

201 559 318 604 nos,
372 541 579 606 pedestri
620 541 820 600 itinere,
874 541 1132 606 p1aemissis
1170 540 1534 604 impedimentis
1567 553 1615 586 et

204 610 428 671 sarcinis,
467 610 568 675 iple
602 629 715 658 cum
749 612 1049 675 expeditione
1082 611 1294 658 militum
1326 627 1474 656 manu
1510 625 1615 672 pei-

206 694 368 728 meato
398 680 661 737 Danubio,
699 679 886 728 delatus
919 681 1216 740 Bononiam,
1269 678 1504 725 Sirmium
1542 677 1615 723 in-

206 749 365 797 noiit:
402 763 449 797 et
467 716 781 813 quatriduum
802 750 871 795 ibi
895 769 920 795 u
925 764 1131 810 imatus,
1171 766 1256 813 per
1277 747 1408 795 idem
1430 749 1614 793 flumen

207 817 270 865 ad
311 816 483 866 Martis
522 817 669 864 castra
708 816 981 877 descendit,
1039 811 1259 864 febribus
1298 814 1615 863 intervallatis

207 885 432 934 adflictus
451 904 461 931 ς
489 885 539 929 in
560 903 659 946 quo
682 899 836 930 tractu
859 854 1162 931 Alaiioium
1151 899 1340 949 impetu
1359 884 1613 948 repentino

206 968 443 1012 temtum,
478 951 633 998 amifit
655 949 960 1015 sequentium
985 970 1183 1016 paucos.

173 1038 190 1064 ι
308 1020 429 1069 XII.
466 1020 748 1084 Iisdemque
772 1020 944 1068 (liebus
968 1021 1229 1085 exagitatus
1250 1019 1436 1066 ratione
1467 1019 1616 1084 gemi-

205 1109 273 1145 na¹
288 1090 496 1151 Valens,
537 1089 676 1153 quod
703 1088 984 1138 Lentienses
1014 1102 1320 1153 compererat
1347 1086 1614 1152 superatos,

205 1159 440 1225 quodque
473 1158 779 1206 Sebastianus
812 1157 1017 1207 subinde
1048 1157 1264 1207 sciibens
1307 1158 1433 1204 facta
1469 1156 1613 1204 dictis

204 1246 354 1292 exagg
339 1228 550 1275 ertabat
583 1243 647 1276 et
629 1226 959 1275 Melanthiade
982 1226 1109 1292 ligna
1130 1226 1415 1287 commovit,
1451 1226 1617 1292 aequi-

203 1315 373 1362 panaie
399 1297 614 1344 facinore
640 1295 856 1362 quodam
889 1315 933 1344 e
919 1298 1083 1361 giegio
1117 1295 1495 1344 adulescentem'
1502 1313 1614 1359 pio-

202 1384 375 1431 perans
399 1367 555 1413 filium
574 1366 756 1426 fratris,
789 1366 926 1414 cuius
951 1366 1211 1415 virtutibus
1232 1366 1494 1412 tit-:ebatur
1525 1364 1614 1410 ‹lu-

202 1437 443 1500 cebatque
465 1435 758 1499 multiplices
779 1435 946 1500 copias
968 1454 1057 1483 nec
1077 1434 1486 1495 contemnendam,
1521 1451 1612 1481 nec

205 1503 396 1569 segnes:
448 1505 632 1570 quippe
677 1506 824 1552 etiam
875 1519 1130 1553 veteranos
1174 1504 1354 1552 iisdem
1395 1503 1614 1551 iunxerat

202 1575 467 1638 plurimos:
512 1574 637 1621 inter
668 1591 791 1639 quos
829 1589 876 1622 et
906 1574 1246 1622 honoratiores
1279 1573 1390 1631 alii,
1423 1586 1472 1620 et
1492 1571 1613 1619 Tra-

201 1643 340 1690 ianus
361 1643 641 1708 procinctus
662 1643 745 1700 est,
778 1644 943 1707 paullo
967 1657 1075 1691 ante
1097 1643 1323 1707 Magister
1345 1646 1609 1693 armerum,

164 1711 266 1760 2Et
312 1712 546 1777 quoniam
599 1713 932 1776 exploratione
979 1712 1185 1760 sollicita
1227 1712 1481 1776 cognitum
1527 1710 1611 1770 est,

203 1781 418 1845 cogitare
439 1781 599 1828 hostes
637 1782 846 1829 fortibus
879 1780 1128 1846 praelidiis
1159 1782 1332 1829 itinera
1363 1779 1610 1839 claudere,

201 1867 290 1913 per
309 1868 432 1914 quae
452 1864 753 1899 commeatus
775 1852 1022 1899 necelsarii
1052 1852 1396 1915 portabantur:
1443 1867 1611 1896 occur-

200 1917 305 1968 l'nm
334 1918 399 1965 est
426 1918 542 1965 huic
575 1919 771 1966 conatui
812 1935 1172 1985 competenter,
1229 1920 1290 1967 ad
1332 1917 1609 1966 retinendas

202 1987 592 2050 opportunitates
615 1988 960 2050 angustiarum,
990 2008 1114 2054 quae
1146 2007 1300 2052 piope
1328 2001 1487 2047 erant,
1526 2004 1611 2050 pe-

204 2053 390 2101 ditibus
433 2052 688 2118 sagittariis
725 2069 773 2102 ct
812 2026 1032 2120 equitiim
1073 2071 1230 2104 turma
1275 2056 1417 2102 citius
1456 2055 1607 2102 missa-

161 2126 191 2171 3
204 2090 512 2187 Tniduoque⁰
517 2123 767 2187 proximo,
799 2142 912 2171 cum
937 2125 1129 2172 barbari
1150 2123 1303 2189 oradu
1324 2123 1610 2172 incederent

201 2193 328 2255 leni,
377 2206 425 2239 et
451 2206 719 2239 metuentes
752 2193 1058 2257 eruptionem
1092 2212 1178 2258 per
1200 2193 1367 2254 devia,
1403 2193 1608 2258 quinde-

202 2262 300 2308 cim
328 2261 545 2308 millibus
578 2261 790 2326 pulsuum
819 2281 844 2308 a
879 2262 1071 2311 civitate
1111 2263 1307 2311 discreti
1350 2262 1607 2310 stationem

202 2344 424 2394 peterent
447 2330 630 2378 Nicen:
683 2330 948 2392 incertum,
995 2350 1094 2397 quo
1126 2350 1316 2392 errore,
1355 2332 1607 2396 procursa-

202 2399 392 2446 toribus
420 2417 616 2448 omnem
655 2399 787 2447 illam
828 2400 1154 2448 multitudinis
1197 2416 1410 2466 partem,
1460 2419 1607 2465 quam

204 2467 453 2526 viderant,
493 2469 541 2515 in
574 2486 778 2517 numero
811 2469 981 2517 decem
1012 2471 1220 2517 millium
1249 2470 1340 2517 ess'c
1371 2470 1607 2517 firmanti-

200 2537 319 2583 bus:
363 2537 637 2602 Imperator
664 2539 858 2602 procaci
899 2538 1116 2604 quodam
1157 2541 1316 2587 caloie
1360 2538 1606 2603 perculsus

163 2604 376 2660 liisdem
399 2624 654 2654 occurrere
677 2607 943 2654 festinabat.
1022 2608 1236 2656 Proinde
1266 2608 1454 2672 agmine
1490 2626 1603 2672 qua-

203 2666 341 2721 diato
376 2674 604 2722 inccdens
642 2694 793 2741 prope
821 2676 1153 2724 suburbanum
1180 2677 1603 2741 Hadrianopoleos

203 2743 361 2793 venit:
404 2745 490 2791 ubi
520 2744 647 2793 vallo
680 2743 876 2793 sudibus
911 2745 1126 2812 ΐοΗΞιῳιο
1154 2747 1373 2808 fiimato‚
1416 2747 1601 2794 Gnatia-
