1727 3144
211 176 268 205 10
399 152 678 207 annnam
718 171 1117 204 mancinum
1148 171 1258 216 xtv,
1295 156 1342 201 5.
1382 157 1426 202 4.

204 283 388 332 donum
409 301 556 331 manu
574 281 862 347 priscorum,
890 281 951 327 ab
973 279 1222 345 Euphrate
1240 280 1441 328 flumine
1462 278 1600 327 brevi
1648 272 1651 276 ’

197 353 354 418 spatio
378 353 677 417 disparatum
705 352 936 398 refertum
954 349 1306 398 mercatoribus
1331 348 1599 414 opulentis:

200 422 288 470 ubi
303 441 458 469 annua
480 419 816 480 sollemnitate,
845 426 1000 484 prope
1021 420 1061 484 ²)
1081 418 1382 484 Septembris
1405 417 1606 464 initium-

150 516 162 537 :
200 489 400 549 menfis,
442 491 504 537 ad
545 489 783 536 nundinas
825 505 998 551 magna
1034 487 1338 552 promiscuae
1376 486 1601 534 fortunae

199 560 429 609 convenit
460 558 752 619 multitudo,
799 556 861 604 ad
887 555 1284 616 commercanda,
1332 572 1456 620 quae
1488 552 1604 601 Indi

200 629 401 678 mittunt
434 642 481 676 et
509 628 675 686 SereS,
722 627 910 691 aliaque
941 625 1151 690 plurima
1169 625 1279 673 vehi
1301 639 1428 672 terra
1447 622 1618 670 mari—-

161 703 297 763 4que
321 696 563 745 corffueta.
633 695 776 743 Hanc
801 695 1048 760 regionem
1066 693 1358 759 praestitutis
1388 690 1606 740 celebri-

204 767 291 814 tati
324 766 496 814 diebus
521 763 750 820 invadere
780 782 954 830 parans
994 764 1091 810 dux
1132 777 1240 810 ante
1280 762 1465 821 dietus,
1516 769 1604 823 per

202 835 490 884 solitudines
522 835 815 898 Aboraeque
845 833 998 880 amnis
1028 831 1258 880 herbidas
1286 830 1440 895 ripas:
1463 827 1605 888 vsuo--

173 924 313 974 ⁴⁸rum
334 903 520 952 indicio
537 901 787 969 proditus,
819 903 903 965 qui
928 900 1114 948 admiffi
1136 900 1308 964 fiagitii
1324 913 1459 947 metu
1485 915 1605 944 exa-

206 973 367 1037 gitati,
419 971 481 1020 ad
511 971 745 1047 praesidi}
774 972 810 1037 ³)
836 969 1088 1021 descivere
1116 969 1359 1027 Romana,
1419 967 1614 1030 absque>

201 1044 306 1089 ullo
331 1041 536 1104 egre-[sus
559 1042 761 1101 effectu,
793 1038 971 1087 deinde
994 1037 1270 1086 tabescebat
1288 1035 1572 1083 immobilis.

169 1130 186 1156 1
305 1111 393 1158 IV.
430 1110 657 1159 Saraceni
678 1124 840 1157 tamen
859 1126 948 1155 nec
970 1101 1114 1155 amici
1135 1108 1170 1172 Ἦ)
1190 1107 1332 1154 nobis
1354 1122 1605 1169 umquam,

202 1197 292 1226 nec
338 1179 495 1226 hostes
536 1178 763 1243 optandi,
827 1178 962 1225 ultro
1000 1175 1223 1240 citroque
1268 1171 1606 1232 discursantes,

204 1246 450 1312 quidquid
474 1247 681 1294 inveniri
702 1259 907 1310 poterat,
935 1258 1187 1293 momento
1213 1241 1446 1308 temporis
1470 1241 1608 1305 parvi

201 1315 472 1376 vastabant,
502 1315 765 1362 milvorum
785 1313 1034 1378 rapacium
1055 1311 1257 1358 fimiles:
1291 1311 1377 1376 qui
1397 1309 1432 1356 fi
1459 1325 1608 1373 prae-

205 1385 319 1431 dam
342 1383 636 1448 dispexerint
655 1381 824 1430 celfius
838 1418 851 1441 ,
894 1381 1060 1428 volatu
1081 1379 1274 1444 rapiunt
1295 1378 1469 1438 celeri,
1507 1391 1605 1439 aut,

165 1452 293 1499 anili
315 1451 708 1516 impetraverint,
734 1468 835 1498 non
869 1450 1205 1497 immorantur.
1286 1448 1445 1512 Super
1473 1464 1607 1510 quo-

203 1541 312 1569 rum
343 1521 563 1568 moribus
604 1521 720 1567 licet
748 1520 799 1566 in
842 1519 1029 1564 actibus
1069 1517 1305 1581 principis
1341 1515 1524 1577 Marci,
1559 1528 1607 1562 et

203 1590 368 1653 postea
390 1587 648 1651 aliquoties
670 1585 977 1633 meminerim
1008 1585 1245 1646 retuliss'e3
1285 1599 1445 1633 tamen
1477 1601 1606 1630 nunc

164 1666 405 1722 5qnoque
429 1674 581 1720 pauca
601 1654 661 1701 de
680 1654 855 1701 iisdem
876 1651 1130 1716 expediam
1158 1655 1382 1717 carptim.
1454 1650 1608 1717 Apud

204 1727 292 1773 has
322 1739 513 1789 gentes,
554 1742 760 1788 quarum
789 1721 1051 1770 exordiens
1082 1720 1276 1767 initium
1307 1723 1367 1768 ab
1412 1720 1608 1785 Assyriis

205 1794 271 1843 ad
292 1794 394 1842 Nili
415 1807 677 1840 cataractas
707 1790 972 1856 porrigitur
1002 1803 1050 1837 et
1081 1790 1294 1836 confinia
1323 1790 1609 1854 Blemmya-

205 1882 340 1923 rum,
387 1880 554 1909 omnes
583 1861 686 1924 pari
715 1859 842 1908 sorte
877 1858 982 1906 sunt
1024 1859 1305 1920 bellatores,
1348 1857 1606 1920 seminudi,

204 1931 435 1979 coloratis
455 1929 629 1993 sagulis
650 1930 780 1994 pube
804 1943 942 1977 tenus
969 1927 1009 1992 ²)
1033 1927 1213 1986 amicti,
1249 1945 1488 1992 equorum
1510 1925 1606 1973 ad-

203 2000 424 2048 iumento
478 1998 746 2063 pernicium
791 1997 1139 2062 graciliumque
1183 1996 1499 2055 camelorum,
1518 2012 1606 2060 per

183 2067 394 2116 diversa
416 2081 683 2132 reptantes,
722 2067 773 2112 in
792 2065 1063 2129 tranquillis
1084 2065 1161 2112 vel
1189 2063 1399 2111 turbidis
1431 2065 1604 2111 rebus:

205 2156 296 2185 nee
320 2154 490 2185 eorum
513 2136 771 2201 quisquam
794 2132 1056 2198 aliquando
1077 2133 1243 2180 stivam
1261 2131 1604 2198 adprehendit,

203 2207 282 2255 vel
313 2206 538 2269 arborem
565 2205 707 2264 colit,
750 2217 832 2251 aut
868 2220 979 2250 arva
1017 2200 1287 2266 subigendo
1308 2202 1343 2268 ³)
1368 2201 1619 2267 quaeritat

191 2275 414 2322 'victumz
449 2272 534 2321 sed
558 2286 718 2321 errant
739 2271 925 2337 semper
945 2288 1033 2334 per
1056 2270 1205 2334 spatia
1233 2271 1377 2334 longe
1407 2271 1603 2334 lateque

208 2344 417 2391 distenta
431 2375 451 2405 ,-
490 2342 588 2390 line
616 2342 741 2408 lare,
785 2339 882 2387 fine
915 2338 1108 2386 sedibus
1139 2339 1246 2386 fixis
1277 2352 1358 2386 aut
1387 2339 1600 2402 legibus:

205 2430 297 2459 nec
335 2412 469 2467 idem
510 2411 759 2476 perferunt
796 2407 978 2455 diutius
1019 2409 1233 2467 caelum,
1291 2419 1374 2454 aut
1421 2419 1601 2454 tractus

171 2481 351 2536 4unius
370 2479 460 2528 soli
478 2479 573 2528 illis
589 2497 821 2544 umquam
852 2478 1025 2541 placet.
1102 2478 1219 2525 Vita
1248 2476 1314 2523 est
1339 2475 1434 2522 illis
1467 2474 1601 2522 sem-

206 2566 295 2612 per
326 2550 377 2597 in
407 2549 546 2613 fuga:
583 2564 856 2612 uxoresque
885 2546 1209 2594 mercenariae
1237 2542 1508 2595 conductae
1540 2544 1603 2590 ad

258 2734 293 2777 2)
313 2736 365 2777 'vo‘
394 2734 521 2780 mensis
548 2738 650 2790 vulg.
680 2732 791 2780 dags?-
856 2734 1028 2787 37·'²{¹‘Jg·
1059 2734 1270 2770 discurrere.
1327 2736 1360 2780 ι)
1388 2733 1456 2768 Ms.
1483 2732 1605 2768 nobis·

213 2791 294 2814 cuin
322 2794 430 2827 quam
456 2783 641 2820 ιιι-011011..
696 2796 732 2829 2)
750 2779 817 2817 MC.
846 2792 991 2816 aunem.
1051 2788 1087 2826 3)
1111 2783 1163 2816 al.
1191 2780 1402 2829 quaeritant.
