1727 3144
223 199 480 230 VALENT.
525 199 658 230 VAL.
696 200 769 230 ΕΤ
810 200 1111 232 GRATIAN.
1185 190 1300 249 571.
1393 194 1490 251 499

78 307 179 365 Qui
217 325 330 356 cum
360 308 595 356 venissent
618 309 931 373 Vagabanta‚
971 309 1248 375 legionibus
1269 314 1483 364 habilem
1503 321 1536 365 3

74 375 266 438 locum,
298 377 497 442 rapidos
520 393 789 426 turmarum
816 378 1075 443 procursus
1096 379 1346 430 hostilium
1365 384 1415 430 in
1435 385 1483 434 se

75 446 323 493 ruentium
352 447 526 495 acriter
557 462 853 512 exceperunt
882 448 1048 498 inviti:
1095 466 1340 515 operaque
1370 470 1484 500 con-

74 512 198 562 sulta
230 516 615 579 retrocedentes,
665 535 726 565 ne
757 518 889 566 ferro
918 518 1156 568 violarent
1173 518 1482 571 adversorum

76 601 374 650 quemquam
404 586 577 650 primi,
616 600 663 634 et
692 586 1026 635 iudicarentur
1057 587 1232 635 discissi
1267 590 1480 638 foederis

74 654 170 713 rei,
200 655 370 702 ultima
395 654 622 704 trudente
645 656 916 704 neceffitate
938 656 1174 722 congreffi
1196 656 1332 706 sunt:
1367 678 1484 708 con-

72 721 302 787 fossisque
324 725 487 771 multis
506 723 758 771 discessere
777 725 1002 772 victores.
1072 727 1206 774 Inter
1235 747 1396 776 moras
1418 744 1485 776 ta·
1500 737 1529 791 4

72 808 187 839 men
208 791 593 857 utrimquesecus
612 792 808 839 tentatis
828 793 1119 858 aliquotiens
1139 796 1329 843 levibus
1343 816 1486 862 proe-

73 859 180 919 liis,
215 861 447 923 varioque
472 861 624 907 finitis
649 875 848 922 eventu,
887 863 1040 926 pactis
1061 862 1264 912 indutiis
1289 884 1345 912 ex
1369 885 1485 915 con-

71 926 211 976 sensu
231 929 500 993 aestateque
523 929 832 994 consumpta,
870 932 1083 995 partium
1112 933 1368 982 disceffere
1398 936 1484 983 du-

71 1011 231 1044 ctores
255 998 506 1045 etiamtum
533 998 799 1048 discordes.
870 999 934 1047 Et
950 1018 1029 1049 rex
1052 1001 1254 1066 quidem
1275 1003 1485 1053 Parthus

71 1065 288 1113 hiemem
318 1066 634 1132 Ctesiphonte
665 1082 885 1129 acturus,
930 1068 1077 1116 rediit
1106 1069 1170 1118 ad
1202 1070 1366 1121 sedes:
1438 1089 1486 1122 et

72 1135 394 1183 Antiochiam
433 1137 711 1201 Imperator
751 1137 998 1185 Romanus
1028 1138 1276 1201 ingressus.
1367 1143 1486 1203 Qui,

75 1202 193 1250 dum
226 1205 299 1251 ibi
328 1219 546 1251 moratur
565 1204 774 1266 [securus
816 1207 1011 1253 interim
1034 1207 1244 1256 hostium
1270 1225 1489 1259 externo-

72 1291 208 1333 rum,
241 1273 477 1320 intestinis
495 1291 646 1338 paene
666 1276 876 1338 perierat
895 1275 1150 1324 fraudibus
1174 1315 1187 1340 7
1225 1293 1279 1326 ut
1304 1280 1489 1345 aperiet

70 1340 216 1390 series
234 1343 267 1406 ¹)
293 1342 449 1389 delata
470 1343 728 1407 gestorum.

172 1410 445 1476 Procopius
481 1411 708 1476 quidam,
765 1411 956 1475 inquies
998 1413 1179 1475 homo,
1234 1417 1528 1468 turbarum5

73 1478 333 1544 cupiditati
351 1479 542 1545 semper
564 1481 786 1528 addictus
803 1517 815 1540 ‚
855 1481 1142 1529 Anatolium
1173 1482 1413 1532 detulerat
1442 1501 1490 1534 et

73 1547 367 1613 Spudasium
388 1550 656 1612 palatinos,
690 1550 846 1612 exigi,
894 1568 1018 1613 quae
1052 1551 1114 1599 de
1134 1554 1319 1601 aerario
1344 1555 1492 1602 inter-

77 1632 333 1681 ceperant,
360 1617 522 1678 iuffos‚
543 1618 759 1665 insidiari
779 1619 962 1665 comiti
983 1619 1352 1683 Fortunatiano,
1386 1641 1490 1671 mo-

74 1686 193 1740 lesto
214 1687 287 1733 illi
306 1687 582 1752 flagitatori.
657 1687 758 1745 Qui
784 1687 934 1733 animi
962 1688 1216 1752 asperitate
1236 1692 1492 1739 confestim

77 1755 141 1802 ad
172 1754 393 1803 insanum
428 1756 642 1821 percitus
672 1755 905 1813 modum,
946 1774 1036 1821 pro
1060 1759 1306 1821 potestatis
1327 1773 1494 1808 aucto-

78 1823 251 1882 ritate,
281 1843 430 1891 quam
460 1827 682 1890 regebat,
723 1824 998 1872 Palladium
1026 1827 1290 1890 quemdam
1321 1827 1494 1876 obscu-

77 1892 254 1941 riffime
284 1908 480 1956 natum,
518 1908 574 1942 ut
602 1895 876 1943 veneficum
911 1914 937 1942 a
979 1897 1260 1945 memoratis
1310 1896 1498 1944 condu-

77 1975 244 2020 ctum,
291 1977 338 2010 et
369 1962 700 2011 Heliodorum
730 1963 943 2011 fatorum
971 1981 1060 2027 per
1085 1966 1330 2029 genituras
1349 1967 1497 2013 inter—

78 2045 296 2096 pretem,
334 2031 604 2098 adigendos
634 2031 871 2097 prodere,
914 2050 1038 2098 quae
1066 2031 1268 2094 scirent,
1303 2049 1492 2098 praeto-

81 2101 243 2148 rianae
270 2100 458 2150 iudicio
487 2099 691 2149 tradidit
731 2101 1078 2165 praefecturae.
1169 2105 1391 2166 Cumque
1433 2103 1536 2148 ade

81 2168 199 2216 sacti
229 2170 307 2216 vel
327 2170 497 2217 tentati
518 2169 850 2234 quaestionem
872 2171 1028 2218 acrius
1051 2171 1296 2219 veniretur
1311 2208 1323 2231 ,
1355 2171 1395 2235 Δ)
1417 2189 1494 2218 ex-

82 2238 323 2285 clamabat
349 2237 596 2285 -Palladius
618 2237 949 2301 confidenter,
979 2240 1103 2287 levia
1127 2239 1216 2287 effe
1235 2243 1355 2286 haec
1371 2277 1383 2300 ,
1432 2239 1492 2287 de

85 2307 266 2371 quibus
287 2306 461 2370 agitur,
492 2321 539 2355 et
563 2307 938 2371 praetereunda:
997 2309 1087 2355 alia
1107 2307 1153 2355 se
1169 2343 1183 2366 ,
1245 2307 1279 2354 fi
1302 2309 1496 2356 licuerit.

86 2376 249 2424 dicere
268 2414 280 2438 7
334 2376 711 2424 monstraturum
754 2376 1015 2425 metuenda
1040 2391 1086 2426 et
1118 2377 1340 2442 potiora,
1373 2393 1496 2441 quae

84 2445 272 2510 ingenti
305 2445 559 2493 molimine
590 2445 685 2492 iam
713 2446 1029 2510 praestructa,
1068 2445 1156 2492 nifi
1185 2444 1497 2510 prospectum

88 2515 261 2571 suerit,
320 2511 543 2562 universa
579 2513 899 2563 confundent.
1004 2514 1257 2579 Iulsusque
1318 2514 1496 2562 docere

86 2583 324 2647 fidenter,
363 2602 487 2650 quae
526 2597 692 2647 norat,
740 2583 997 2632 rudentem
1035 2583 1267 2648 explicuit
1296 2585 1500 2632 immen-

783 2652 807 2699 Ι
833 2653 849 2699 i
889 2668 913 2698 2

144 2818 173 2862 ι)
203 2816 270 2851 ΜΓ.
300 2816 431 2852 delam.
482 2818 526 2866 2)
555 2819 606 2852 al.
635 2811 833 2853 exclamat(
