1727 3144
198 155 296 199 512
437 167 710 200 ΑΜΜῙΑΝῙ
748 167 1144 201 Mancinum
1180 170 1330 217 xxm,
1386 173 1425 202 1.
1465 171 1508 201 2.

203 293 400 341 quoque
432 278 622 325 minora
648 276 777 341 ligna
810 276 1043 340 subinde,
1077 277 1200 343 quid
1225 278 1492 342 accideret,
1531 297 1612 329 os·-

203 344 482 392 tendebaut.
564 347 698 394 Inter
741 344 843 411 ipsa
895 347 1024 394 enim
1077 347 1272 395 exordia
1324 349 1608 413 procinctus

205 413 421 461 Parthici
447 413 766 479 disponendi,
803 416 1078 462 nuntiatum
1105 417 1172 464 est
1203 417 1609 482 Constantinopo-

203 482 289 529 lim
313 482 466 531 terrae
492 484 634 548 pulsu
663 485 923 533 vibratam:
966 485 1102 549 quod
1133 485 1309 532 horum
1350 486 1493 550 periti
1521 487 1609 534 mi-

193 569 293 613 ¹nus
330 552 509 601 laetum
554 553 643 602 effe
686 553 1089 619 pronuntiabant,
1150 554 1305 602 aliena
1343 555 1608 618 pervadere

202 620 423 667 molienti
450 624 641 671 rectori.
714 621 934 687 Ideoque
957 623 1294 688 intempestivo
1321 637 1501 671 conatu
1529 622 1611 672 de-

205 687 362 736 fistere
390 689 680 739 suadebant:
731 692 798 737 ita
844 692 1042 739 demum
1075 692 1194 740 haec
1223 707 1271 739 et
1293 691 1465 739 limilia
1494 710 1611 740 con-

206 758 357 804 temni
394 774 620 824 oportere
654 763 929 820 firmantes,
981 779 1091 807 cum
1132 761 1427 825 irruentibus
1465 761 1611 808 armis

211 828 416 874 externis
432 830 509 875 lex
526 848 620 878 una
639 828 694 876 fit
717 843 763 876 et
788 843 1042 893 perpetua,
1073 828 1274 878 salutem
1306 830 1439 876 omni
1468 828 1612 876 ratio-

208 912 268 940 ne
303 895 592 958 defendere,
637 897 759 945 nihil
796 897 1071 946 remittente
1100 899 1146 947 vi
1177 898 1343 945 moris.
1427 897 1614 946 Iisdem

211 961 383 1011 diebus
406 968 679 1012 nuntiatum
703 966 768 1013 est
804 966 847 1012 ei
882 984 968 1030 per
999 966 1213 1029 litteras,
1261 967 1443 1014 Romae
1468 964 1613 1030 super
1676 1002 1680 1004 -

211 1031 306 1078 hoe
329 1033 457 1078 bello
483 1034 636 1080 libros
656 1033 868 1097 Sibyllae
891 1033 1162 1093 consultos,
1189 1051 1244 1084 ut
1266 1034 1481 1095 iusserat,
1519 1036 1616 1081 Im-

206 1113 482 1162 peratorem
502 1118 560 1148 eo
585 1118 712 1148 anno
733 1100 984 1149 discedere
1015 1123 1042 1150 a
1070 1104 1308 1152 limitibus
1328 1102 1424 1151 fuis
1446 1118 1614 1169 aperto

209 1168 512 1230 prohibuiss'e
544 1168 789 1233 responso.

174 1253 192 1279 1
312 1236 378 1283 ΙΙ.
416 1237 550 1285 Inter
582 1238 704 1285 haec
737 1253 898 1285 tamen
925 1237 1193 1304 legationes
1225 1241 1442 1303 gentium
1472 1242 1620 1304 pluri-

212 1321 400 1351 marum
440 1306 614 1353 auxilia
645 1307 1014 1371 pollicentium,
1064 1306 1333 1356 liberaliter
1370 1307 1619 1373 susceptae
1658 1351 1665 1355 .

212 1373 583 1422 remittebantur
598 1412 610 1436 ,
640 1375 856 1439 speciosa
875 1376 1057 1424 fiducia
1075 1374 1303 1441 Principe
1326 1376 1622 1442 responden-

213 1455 287 1498 te,
324 1461 632 1508 nequaquam
664 1443 836 1492 decere
868 1444 1153 1494 adventiciis
1189 1446 1482 1494 adiumentis
1518 1464 1620 1494 rem

213 1509 451 1557 vindicari
482 1512 779 1574 Romanam,
823 1514 961 1561 cuius
993 1513 1170 1579 opibus
1197 1515 1353 1563 foveri
1393 1516 1622 1563 conveni-

215 1591 288 1626 ret
313 1580 493 1626 amieos
517 1595 564 1627 et
583 1580 739 1629 socios
755 1619 767 1643 ,
797 1582 1086 1641 ΙίᾳυΧίΙὶωη
1111 1601 1193 1631 eos
1217 1583 1434 1649 adegerit
1463 1582 1622 1631 neces-

172 1644 321 1696 afitas
344 1647 622 1711 implorare.
695 1651 869 1698 Solum
906 1650 1137 1700 Arsacem
1166 1667 1424 1701 monuerat
1446 1653 1622 1700 «Arme-

215 1715 323 1761 niae
354 1734 541 1779 regem‚
587 1732 642 1765 ut
672 1720 894 1767 collectis
922 1721 1079 1784 copiis
1102 1720 1275 1767 validis
1297 1720 1511 1769 iubenda
1537 1739 1624 1785 op-

214 1784 478 1846 periretur,
513 1804 610 1849 quo
632 1791 859 1849 tendere,
900 1789 1020 1854 quid
1045 1788 1246 1837 deberet
1276 1808 1476 1853 urgere,
1514 1808 1624 1854 pro-

215 1869 331 1914 pere
351 1855 648 1915 cogniturus.
720 1856 961 1919 Proinde,
999 1877 1113 1906 cum
1142 1859 1347 1922 primani
1373 1855 1620 1906 consultae

212 1918 421 1967 rationes
459 1923 655 1984 copiam
701 1925 1055 1987 praebuissent,
1123 1945 1320 1974 rumore
1362 1923 1619 1990 praecurso

215 1987 410 2036 hostiles
435 2007 673 2052 occupare
691 2009 956 2056 properans
977 2007 1153 2053 terras,
1195 1993 1418 2040 noudum
1450 1993 1618 2041 adulto

215 2074 352 2118 vere,
388 2057 520 2105 miss'a
543 2076 629 2122 per
651 2059 882 2107 militares
907 2079 1133 2108 numeros
1159 2061 1503 2125 expeditionali
1533 2062 1624 2110 tes-

168 2138 196 2181 3
218 2123 316 2173 sera
332 2159 344 2181 ‚
370 2139 571 2173 cunctos
595 2128 797 2175 transire
818 2128 945 2175 iullit
963 2129 1262 2194 Euphraten.
1345 2130 1460 2187 Quo
1489 2149 1624 2179 com-

219 2208 381 2257 perto,
423 2212 590 2242 omnes
626 2197 819 2243 evolant
851 2215 906 2244 ex
947 2197 1194 2259 hibernis,
1250 2199 1621 2265 transmill‘oque

217 2264 290 2326 (ut
312 2277 467 2310 textus
490 2262 699 2311 docebat
721 2265 1031 2331 scriptorum)
1056 2266 1255 2332 dispersi
1286 2285 1373 2332 per
1393 2267 1621 2316 stationes

217 2332 395 2392 varias,
427 2330 687 2380 adventum
713 2332 952 2398 Principis
978 2335 1332 2399 exspectabant.
1407 2336 1517 2400 Ipse
1542 2355 1623 2383 au-

222 2412 317 2446 tem
338 2400 654 2448 Antiochiam
679 2401 968 2465 egrcllitrus,
1001 2404 1337 2469 Heliopoliten
1357 2404 1622 2470 quemdam

220 2468 553 2517 Alexandrum
583 2471 808 2534 Syriacae
843 2471 1170 2520 iurisdietioni
1209 2474 1467 2538 praefecit,
1522 2487 1622 2520 tur-

217 2536 471 2585 bulentu'm
505 2552 551 2585 et
590 2537 809 2586 saevum:
864 2539 1184 2607 dicebatque,
1227 2560 1324 2589 non
1353 2542 1490 2588 illum
1523 2559 1622 2588 me‹

217 2605 385 2667 ruiss'e3
431 2605 515 2653 sed
549 2606 960 2656 Antiochensibus
990 2612 1141 2658 avaris
1177 2625 1224 2658 ct
1258 2609 1619 2658 contumeliofis

167 2674 195 2725 ‘l
218 2671 497 2721 huiusmodi
520 2675 735 2723 iudicem
764 2679 1038 2725 convenire.
1114 2681 1333 2744 Cumque
1368 2697 1478 2725 eum
1510 2678 1620 2742 pro-

218 2740 457 2789 fecturum
514 2744 779 2793 deduceret
828 2747 1092 2795 multitudo
1143 2748 1442 2813 promiscua,
1496 2747 1620 2794 itum
