1727 3144
191 172 637 207 VALENTINtAN.
678 171 748 202 ET
795 172 1039 202 VALENs.
1111 158 1226 218 367.
1362 161 1456 206 455

3 309 5 311 *
56 282 304 332 rumnosas
335 283 539 330 iacturas
571 295 618 329 et
642 282 865 346 vulnera,
914 298 1038 345 quae
1065 280 1304 343 congressi
1324 283 1458 348 saepe

55 353 248 401 Iuliano
273 351 461 402 Caesari
486 352 811 417 pertulerunt,
850 350 1036 397 viribu‘s
1059 351 1255 396 tandem
1282 351 1458 398 resum-

53 422 152 487 ptis
173 421 287 470 licet
309 421 579 485 imparibus
606 419 838 484 pristinis,
871 419 935 466 ob
968 417 1158 466 causam
1197 420 1458 484 expolitam

50 490 222 555 supra,
291 490 573 538 Gallicanos
609 490 787 539 limites
817 488 1063 535 formidati
1102 488 1196 534 iam
1232 488 1460 552 persulta-

51 559 186 606 bant.
259 560 532 624 Statimque
556 559 661 623 post
689 558 797 605 Kal.
823 557 1094 618 Ianuarias,
1123 575 1235 603 cum
1257 575 1344 622 per
1369 558 1462 620 gla-

54 629 199 675 ciales
231 641 411 676 tractus
452 629 627 675 hiemis
669 625 879 690 rigidum
913 624 1277 673 inhorresceret
1301 625 1459 686 fidus,

54 698 298 744 cuneatim
347 697 523 761 egress'a
575 694 840 753 multitudo
895 694 1124 741 licentius
1182 695 1458 759 vagabatur.

53 765 249 812 Horum
267 766 483 829 portioni
505 764 688 827 primae
709 762 985 822 Charietto,
1019 777 1133 810 tunc
1166 781 1253 826 per
1281 779 1459 811 utram·
1478 777 1506 805 2

54 852 148 898 que
188 833 501 880 Germaniam
542 833 744 891 Comes,
818 829 1103 879 occursurus
1141 849 1253 879 cum
1303 833 1459 880 milite

52 901 300 966 egreditur
321 901 383 948 ad
401 901 528 948 bella
551 898 765 948 ineunda
783 900 1138 965 promptiffimo
1153 938 1166 962 ,
1202 899 1386 949 adscito
1409 901 1460 948 in

49 969 331 1018 societatem
363 970 544 1018 laboris
575 969 836 1018 Severiano
864 968 1036 1016 itidem
1069 969 1289 1031 Comite‚
1333 971 1463 1018 inva-

50 1040 155 1086 lido
189 1053 234 1087 et
263 1040 528 1104 longaevo,
576 1040 660 1103 qui
691 1036 823 1102 apud
853 1038 1089 1085 Cabilona
1128 1038 1460 1086 Divitenfibus

49 1108 357 1172 praefidebat
396 1123 443 1156 et
481 1106 821 1171 Tungricanis.
933 1105 1154 1171 Proinde»,
1195 1107 1504 1165 confertiusg

52 1177 244 1241 agmine
273 1177 320 1223 in
352 1196 505 1223 unum
536 1189 732 1235 coacto,
781 1189 1027 1239 ponteque
1048 1175 1285 1222 brevioris
1309 1180 1461 1240 aquae

50 1248 189 1293 firma
217 1247 462 1293 celeritate
493 1242 789 1304 transmiffo,
840 1242 961 1290 visos
1004 1244 1191 1292 eminus
1229 1246 1462 1292 barbaros

51 1313 259 1362 Romani
298 1313 477 1378 sagittis
512 1313 715 1377 aliisque
747 1312 934 1359 levibus
965 1312 1130 1359 iaculis
1153 1313 1462 1374 incess'ebant,

53 1402 174 1447 quae
219 1383 291 1429 illi
330 1382 594 1446 reciprocis
621 1381 825 1448 iactibus
864 1380 1021 1428 valide
1052 1384 1459 1446 contorquebant.

51 1452 153 1497 Ubi
183 1470 299 1499 vero
329 1466 515 1498 turmae
549 1450 821 1514 congressae.
853 1450 1023 1496 strictis
1053 1451 1319 1498 conflixere
1358 1457 1504 1509 niu-4

52 1521 302 1581 cronibus,
339 1521 612 1567 nostrorum
635 1520 760 1566 acies
782 1521 815 1581 ¹)
836 1519 1022 1581 impetu
1045 1518 1255 1566 hostium
1275 1521 1460 1568 acriore
1510 1542 1520 1554 ·

51 1589 294 1647 conculsa,
321 1607 408 1636 nec
440 1587 684 1635 refistendi
707 1604 795 1633 nec
817 1585 1029 1633 faciendi
1054 1587 1462 1652 fortiter‘copiam

52 1658 257 1722 reperit,
293 1657 480 1705 cunctis
504 1671 637 1704 metu
661 1654 920 1720 compulfis
942 1656 991 1701 in
1012 1657 1201 1720 fugam,
1239 1675 1350 1705 cum
1378 1658 1462 1705 Se-

51 1727 304 1773 verianum
326 1726 550 1773 vidiss'ent
579 1743 707 1789 equo
739 1724 1048 1771 deturbatum
1066 1761 1078 1784 ,
1117 1725 1371 1790 missilique
1394 1741 1460 1773 te-

51 1796 102 1842 lo
135 1793 473 1859 peroffensum.
554 1793 663 1857 Ipse
685 1793 896 1857 denique
924 1793 1204 1856 charietto,
1247 1794 1364 1841 dum
1387 1806 1504 1851 ce-5

56 1864 224 1911 dentes
246 1865 445 1911 obiectu
465 1862 686 1927 corporis
709 1875 756 1909 et
784 1863 916 1908 vocis
946 1862 1211 1926 iurgatorio
1235 1862 1359 1910 sonu
1381 1883 1459 1909 au-

55 1933 248 1980 dentius
301 1932 531 1996 pertinet,
591 1929 976 1995 pudendumque
1021 1931 1207 1978 diluere
1247 1930 1459 1980 dedecus

52 2001 234 2049 fiducia
260 2001 345 2047 diu
364 2000 514 2047 standi
533 2013 764 2061 conatur,
806 2000 1016 2063 oppetiit
1036 2000 1134 2046 telo
1159 2001 1286 2047 letali
1311 2004 1460 2047 confi-

52 2090 154 2118 xus.
227 2070 338 2116 Post
370 2070 507 2115 cuius
536 2068 811 2129 interitum,
858 2068 1119 2116 Erulorum
1147 2069 1503 2120 Batavorum-6

55 2156 150 2203 quc
168 2139 398 2185 vexillum
417 2137 662 2202 direptum
677 2174 689 2197 ,
732 2136 868 2202 quod
897 2137 1170 2184 insultando
1193 2139 1458 2200 tripudian-

54 2221 125 2254 tes
148 2206 340 2253 barbari
362 2206 535 2253 crebro
559 2205 795 2252 sublatum
817 2205 957 2254 altius
979 2206 1317 2267 ostendebant,
1352 2206 1458 2269 post

55 2275 319 2325 certamina
343 2288 596 2337 receptum
619 2274 683 2321 est
714 2292 902 2338 magna.

582 2387 672 2452 (A.
712 2388 766 2436 C.
804 2390 951 2455 567.)

157 2479 225 2528 II.
257 2477 532 2537 Qua-clade
569 2496 681 2524 cum
718 2478 890 2526 ultimo
931 2492 1149 2523 maerore
1189 2488 1457 2537 comperta,
1479 2494 1496 2519 1

58 2563 364 2596 correcturus
388 2547 538 2595 secius
562 2546 684 2611 gesta
709 2545 1035 2611 Dagalaiphus
1058 2563 1080 2589 a
1108 2543 1293 2590 Parisiis
1314 2543 1463 2589 mitti-

60 2631 152 2664 tur.
224 2618 395 2683 quue
432 2616 517 2663 diu
550 2629 832 2678 cunctante,
867 2614 1215 2677 causanteque,
1263 2610 1460 2658 diffusos

112 2783 142 2827 ι)
167 2781 212 2816 τό
238 2779 392 2814 hostium
423 2778 518 2814 deest
547 2777 668 2825 Steph.
784 2823 815 2870 Γ

801 2841 816 2869 Ἀ
849 2844 876 2868 ⁴⁴.
