1727 3144
181 166 448 196 VALENT.
493 168 618 200 vAn.
667 169 740 199 ET
783 170 1081 202 GRATIAN.
1156 160 1268 219 575.
1316 147 1323 150 .
1390 165 1482 212 561

77 271 215 319 ianus
237 287 285 320 et
306 274 517 323 Marcus.
591 278 646 325 In
665 278 1272 342 provinciales-admodum
1297 303 1483 349 parcus,

77 344 375 391 tributorum
414 347 598 412 ubique
637 349 859 395 molliens
904 348 1157 413 sarcinasq
1188 354 1484 416 oppidorum

76 423 125 456 et
146 410 358 460 limitum
388 415 617 463 eonditor
647 418 983 481 tempestivus:
1029 419 1248 467 militaris
1277 423 1485 486 discipli-

76 496 166 524 nae
192 482 362 529 cenl'or
376 486 613 545 eximius,
645 486 695 531 in
715 487 811 533 hoc
836 489 1291 551 tantumdeerrans,
1328 491 1479 555 quod,

74 565 185 593 cum
214 553 545 613 gregariorum
566 554 708 601 etiam
730 555 854 603 levia
886 556 1081 620 puniret
1113 575 1290 618 errata,
1327 561 1483 621 pono-

75 636 182 663 rum
215 619 397 667 ducum
424 625 602 686 flagitia
630 625 859 687 progredi
888 626 1074 671 fluebat
1103 627 1150 672 in
1196 629 1372 687 maius,
1417 628 1480 675 :nd

73 689 293 750 querelas
317 690 364 735 in
386 709 468 738 eos
490 707 644 738 motas
667 693 923 755 aliquoties
943 693 1289 742 obsurdescens
1310 717 1317 742 ;
1348 697 1479 744 unde

69 756 336 803 Britannici
362 759 616 821 strepitus,
648 773 696 805 et
719 761 977 806 Africanae
999 763 1184 823 clades,
1214 778 1261 811 et
1287 766 1477 812 vastitas

73 824 262 871 emerfit
289 827 479 889 lllyrici.
725 829 737 842 ⁰

169 892 320 938 Omni
340 893 607 957 pudicitiae
627 894 763 940 cultu
782 893 918 941 domi
937 896 1089 943 castus
1112 912 1157 944 et
1174 899 1309 959 foris,
1339 901 1475 948 nullo
1489 922 1517 951 2

69 962 295 1024 contagio
327 961 648 1009 conscientiae
683 963 889 1010 violatus
926 966 1187 1027 obscenae,
1242 969 1365 1014 nihil
1406 971 1478 1016 in-

66 1032 278 1077 cestum:
318 1031 542 1096 hancque
573 1033 638 1078 ob
674 1031 863 1078 causam
908 1046 1155 1098 tamquam
1200 1038 1476 1085 retinaculis

63 1100 383 1163 petulantiam
413 1102 622 1147 frenarat
654 1101 788 1147 aulae
823 1102 1019 1164 regalis:
1068 1105 1202 1168 quod
1232 1105 1475 1155 custodire

59 1169 204 1215 facile
228 1169 414 1232 potuit,
469 1168 894 1216 neeeffitudinihus
926 1171 1016 1218 suis
1047 1174 1170 1219 nihil
1201 1174 1473 1237 indulgens,

65 1256 182 1302 quas
204 1251 286 1284 aut
308 1240 356 1283 in
375 1239 478 1285 otio
506 1238 827 1300 reprimebat,
864 1254 944 1285 aut
976 1240 1289 1290 mediocriter
1315 1244 1472 1292 hono-

61 1308 210 1365 ravit,
243 1308 425 1370 absque
449 1307 619 1368 fratre,
651 1325 797 1371 quem
820 1310 1054 1371 temporis
1080 1311 1359 1374 compulsus
1392 1333 1472 1359 an-

61 1375 254 1439 gustiis,
288 1377 339 1422 in
360 1377 695 1440 amplitudinis
713 1374 824 1424 suae
850 1377 1124 1425 societatem
1161 1380 1435 1444 adsumplit.

163 1444 488 1508 Scrupulosus
533 1446 583 1492 in
627 1445 903 1493 deferendis
945 1448 1256 1510 potestatibus
1308 1450 1510 1500 cellia-:3

62 1530 152 1559 nec
187 1515 458 1577 imperante
493 1533 551 1562 eo
592 1516 891 1579 provinciam
929 1517 1280 1564 nummularius
1336 1520 1472 1581 rexit,

61 1596 144 1628 aut
177 1582 526 1630 administratio
561 1583 877 1643 venumdata,
926 1585 1014 1630 nili
1044 1586 1168 1632 inter
1212 1588 1387 1650 [initia]
1420 1603 1473 1635 ut

59 1650 217 1698 solent
238 1653 574 1716 occupationis
595 1653 678 1718 spe
700 1654 776 1701 vel
796 1654 995 1718 impune
1020 1654 1257 1718 quaedam
1280 1656 1472 1704 scelesta

60 1734 320 1767 comnntti.
1267 1776 1270 1778 μ

162 1790 245 1836 Ad
281 1788 534 1837 inferenda
582 1788 1003 1855 propulsandaque
1054 1792 1178 1838 bella
1215 1789 1509 1847 sollemni-4

61 1855 197 1917 muS,
224 1872 420 1920 cautus,
457 1859 586 1906 aestu
610 1859 773 1906 Martii
794 1862 1002 1923 pulveris
1028 1861 1310 1921 induratus3
1350 1863 1471 1908 boni

60 1927 298 1991 pravique
350 1927 510 1975 suasor
567 1943 614 1975 et
657 1928 888 1975 diss'uan‘or
927 1929 1194 1975 admodum
1242 1929 1470 1991 prudens,

61 1997 282 2043 militaris
316 1997 384 2042 rei
421 1997 648 2043 ordinum
689 1996 1104 2043 scrutantissimus:
1149 1998 1360 2044 scribens
1392 1999 1471 2045 de-

63 2083 204 2125 core,
250 2064 541 2129 venusteque
574 2067 776 2129 pingens
811 2079 858 2112 et
889 2067 1098 2127 fingens,
1142 2080 1188 2112 et
1229 2084 1470 2115 novorum

60 2135 288 2181 inventor
317 2149 589 2180 armorum:
629 2134 870 2181 memoria
914 2134 1226 2197 sermoneque
1269 2134 1470 2181 incitato

63 2202 292 2268 quiden),
362 2200 446 2248 sed
494 2220 630 2259 raro,
686 2202 941 2249 facundiae
996 2203 1221 2266 proximo
1278 2202 1470 2265 vigens,

65 2286 252 2320 amator
270 2269 645 2331 munditiarum,
673 2271 924 2337 laetusque
954 2289 1050 2318 non
1076 2270 1282 2334 profufis
1315 2272 1471 2333 epulis

64 2342 149 2390 sed
170 2340 385 2388 excultis.

171 2409 421 2471 Postremo
443 2408 539 2455 hoc
559 2406 891 2456 moderamine
918 2407 1208 2471 principatus
1228 2402 1508 2468 inclaruit,5

68 2478 203 2545 quod
251 2479 376 2525 inter
431 2477 716 2540 religionum
765 2477 1059 2525 diverlitates
1102 2475 1289 2521 mediu's
1327 2475 1470 2537 fietit,

66 2567 157 2596 nec
179 2565 471 2612 quemquam
500 2546 811 2610 inquietavit,
858 2562 1040 2609 neque,
1083 2557 1135 2588 ut
1165 2544 1258 2590 hoc
1290 2546 1471 2592 colere-

69 2632 173 2676 tur,
204 2615 459 2680 imperavit
481 2630 560 2661 aut
583 2615 727 2661 illud:
770 2633 858 2662 nec
897 2612 1165 2660 interdictis
1200 2613 1469 2660 minacibus

68 2685 398 2733 subiectorum
450 2684 689 2732 cervicem
743 2682 803 2729 ad
850 2683 925 2742 id,
987 2681 1122 2745 qumi
1173 2680 1273 2743 ipse
1319 2682 1472 2728 coluit

741 2752 843 2800 lxiii.
