1727 3144
257 129 352 172 522
493 144 758 176 ΑΜΜΑΝΙ
792 144 1177 177 MARCELLDNI
1204 148 1343 192 xxix,
1382 135 1426 179 5.

180 267 232 310 17
352 253 566 318 Exinde,
609 273 722 303 cum
755 253 977 303 discurfis
999 256 1256 304 itineribus
1287 257 1470 321 magnis
1499 259 1550 319 ΙΙ>
1579 255 1663 305 Ti.

255 324 423 390 posam
449 325 610 372 noster
644 325 740 371 dux
769 325 1020 385 introiret,
1062 326 1231 389 legatis
1259 326 1526 387 Mazicum,
1575 327 1662 389 qui

249 395 299 444 se
319 393 714 443 consociaverant
741 393 937 456 Firmo,
981 393 1264 459 suppliciter
1295 395 1660 443 obsecrantibus

251 465 469 524 veniam,
507 463 670 509 animo
703 463 829 510 elato
859 463 1135 529 respondit,
1170 462 1219 512 se
1247 464 1298 511 in
1331 483 1413 517 eos
1436 479 1489 511 nt
1517 465 1662 527 perfi-

180 539 230 581 18
250 534 339 581 dos
363 550 494 580 arma
518 532 741 596 protinus
768 547 1149 580 commoturum.
1203 534 1396 591 Quibus
1426 533 1484 598 ¹²)
1503 533 1662 579 immi-

251 603 410 650 nentis
434 601 638 666 periculi
662 615 796 648 metu
817 602 1008 664 defixis,
1039 599 1314 668 revertique
1334 602 1462 649 iuffis
1483 601 1544 648 ad
1561 600 1661 662 sua,

252 671 533 720 Caesaream
563 670 632 718 ire
669 671 925 733 tendebat,
964 674 1140 720 urbem
1184 673 1466 737 opulentam
1507 688 1664 735 quon-

253 741 366 789 'dam
399 754 446 787 et
475 740 691 790 nobilem
708 777 720 801 ,
765 741 905 787 cuius
935 741 1107 789 itidem
1132 741 1370 805 originem
1393 742 1444 787 in
1464 739 1663 788 Africae

250 810 343 858 [itu
391 808 666 873 digessimus
720 811 886 874 plene:
955 829 1158 874 eamque
1218 810 1480 874 ingreffus,
1547 826 1663 855 cum

253 897 452 927 omnem
494 896 648 941 paene
687 878 928 925 incendiis
956 880 1052 926 late
1083 878 1303 944 dispersis
1336 878 1526 926 vidisset
1553 895 1667 924 exu-

248 949 393 1007 stam,
422 945 747 1008 horridasque
771 947 947 994 canitie
966 948 1118 993 [ilices
1134 984 1146 1007 ,
1191 948 1397 1011 primam
1427 961 1474 994 et
1493 946 1664 994 secun·

251 1017 364 1063 dam
383 1015 630 1077 legionem
653 1013 714 1059 ad
736 1028 928 1079 tempus
949 1016 1017 1061 ibi
1038 1016 1187 1062 locari
1210 1016 1448 1079 disposuit
1466 1053 1479 1076 ,
1512 1029 1566 1061 ut
1595 1015 1664 1062 fa-

246 1085 472 1131 villarum
528 1097 778 1147 egerentes
833 1102 1057 1142 acervos,
1123 1084 1360 1148 agitarent
1408 1084 1480 1131 ibi
1530 1101 1664 1149 pnic-

245 1153 451 1215 fidium,
487 1170 548 1200 ne
580 1154 789 1217 repetito
820 1153 1140 1201 barbarorum
1167 1153 1353 1217 impetu
1382 1153 1660 1200 vastaretur.

168 1245 227 1290 '³9
346 1225 484 1280 Quae
521 1240 634 1269 cum
664 1241 884 1270 rumores
905 1223 1006 1271 veri
1035 1223 1085 1288 ¹³)
1117 1222 1431 1283 distulissent,
1466 1221 1662 1287 provin-

246 1293 352 1341 ciae
394 1307 607 1340 rectores
655 1293 978 1357 tribunusque
1021 1292 1310 1340 Vincentius
1356 1310 1381 1339 e
1429 1291 1660 1352 latibulis,

244 1364 304 1428 Μ)
339 1363 517 1428 quibus
550 1360 647 1408 sese
676 1361 1044 1423 commiserant,
1070 1360 1261 1424 egrelli,
1296 1361 1495 1408 tandem
1517 1360 1664 1407 intre-

241 1431 352 1497 pidi
379 1435 441 1480 ad
463 1430 640 1479 ducem
670 1432 806 1479 ocius
829 1444 1168 1495 pervenerunt.
1241 1430 1435 1486 Quibus
1457 1430 1539 1476 ille
1561 1447 1663 1491 gra-

240 1511 400 1549 tanter
434 1500 543 1549 vifis
577 1514 722 1563 atque
754 1500 1011 1564 susceptis,
1058 1516 1200 1562 agens
1222 1499 1367 1547 etiam
1388 1497 1520 1562 apud
1545 1499 1662 1546 Cae-

239 1568 445 1632 saream,
476 1569 575 1617 fide
598 1588 759 1617 rerum
783 1568 1062 1633 diligentius
1093 1569 1364 1632 explorata,
1415 1566 1659 1631 comperit

241 1639 467 1687 Firmum
490 1657 576 1705 per
600 1638 814 1703 speciem
848 1637 1053 1685 faventis
1097 1651 1143 1683 et
1179 1636 1413 1701 supplicis
1453 1636 1658 1683 tectiore

243 1708 447 1756 conlilio
480 1707 533 1754 id
559 1708 748 1769 moliri,
789 1723 844 1754 ut
865 1707 991 1754 nihil
1010 1705 1184 1754 hostile
1204 1719 1504 1753 metuentem
1526 1722 1660 1752 exer-

241 1777 397 1825 citum
429 1778 481 1824 in
510 1776 716 1824 modum
756 1775 1050 1841 tempestatis
1091 1773 1279 1822 subitae
1323 1775 1655 1822 conturbaret.

165 1858 224 1887 20
245 1845 585 1903 Quamobrem
623 1845 884 1894 conversus
924 1844 1040 1892 hinc
1073 1844 1206 1890 venit
1238 1843 1301 1890 ad
1331 1843 1658 1906 municipium

238 1914 676 1977 Sugabarritanum
729 1912 1085 1962 Transcellensi
1131 1913 1290 1959 monti
1331 1913 1383 1977 ¹⁵)
1435 1911 1653 1959 adcline:

236 1983 326 2029 ubi
347 1982 571 2030 inventos
598 1983 785 2045 equites
811 1997 1008 2046 quartae
1033 1980 1393 2043 sagittariorum
1412 1980 1651 2040 cohortis,

244 2069 370 2114 quae
401 2050 465 2097 ad.
494 2051 726 2098 rebellem
758 2049 1027 2113 defecerat,
1075 2062 1128 2094 ut
1151 2061 1439 2095 contentum
1473 2046 1519 2095 se
1547 2046 1656 2113 sup-

237 2119 390 2184 plicio
426 2119 603 2169 leniori
630 2118 940 2178 monstraret,
992 2133 1158 2163 omnes
1190 2116 1425 2162 contrulit
1456 2116 1518 2163 ad
1545 2116 1654 2163 infi.

237 2207 376 2236 mum
409 2187 610 2235 militiae
639 2186 867 2251 gradum:
910 2203 1092 2249 eosque
1116 2198 1163 2231 et
1196 2184 1652 2232 Constantianorum

236 2257 462 2322 peditum
494 2270 683 2320 partem
709 2254 934 2320 Tigavias
963 2253 1127 2302 venire
1149 2252 1342 2300 iusserat
1365 2272 1478 2300 cum
1498 2255 1651 2301 tribu-

236 2327 338 2373 nis:
373 2344 398 2374 e
426 2327 604 2390 quibus
631 2343 754 2371 unus
782 2338 1008 2389 torquem
1048 2340 1136 2386 pro
1181 2321 1455 2369 diademate
1499 2322 1649 2386 capiti

161 2414 211 2444 ,Ἦ
237 2393 472 2461 imposuit
506 2394 673 2441 Firmi.
751 2394 984 2457 Dumque
1013 2391 1135 2438 haec
1163 2405 1394 2454 aguntur,
1441 2405 1647 2438 reverte-

237 2478 352 2512 runt
373 2463 526 2511 Gildo
549 2477 594 2510 et
614 2463 880 2522 Maximus,
908 2461 1142 2508 Bellenen
1169 2478 1193 2507 e
1218 2459 1521 2523 principibus
1545 2459 1647 2506 Ma-

233 2534 397 2581 zicum
418 2545 466 2579 et
487 2532 732 2580 Fericium
754 2531 907 2595 gentis
928 2530 1230 2595 praefectum
1256 2527 1486 2575 ducentes
1502 2564 1515 2590 ,
1561 2527 1646 2592 qui

289 2722 344 2762 ti)
376 2718 443 2753 Ns.
481 2718 667 2768 Tiposam.
731 2721 791 2765 ιι)
826 2717 893 2754 Ms.
929 2718 1091 2755 minanti,
1158 2717 1218 2764 13)
1249 2715 1316 2751 Ms.
1356 2714 1573 2750 sustulissent
1609 2724 1643 2749 et

239 2766 327 2799 ‹ruz-ii
354 2766 574 2814 provinciae.
628 2768 690 2812 14]
716 2768 758 2802 τὸ
770 2765 852 2811 fiJe
878 2763 975 2800 deest
1005 2763 1048 2798 al.
1104 2765 1160 2811 15)
1188 2764 1238 2798 al.
1269 2761 1418 2797 adclive.
