1727 3144
7 2968 14 2986 s

232 190 674 229 ‚coNs'rANTlus
705 187 778 222 ΕΤ
813 188 1133 222 mamitus·
1208 177 1325 222 555.
1447 174 1509 239 67

100 308 264 369 ignota
289 301 586 368 quibusdam
607 299 872 366 expediens
886 336 914 362 ‚⁴
930 299 1112 347 imitari
1131 298 1299 347 videar
1321 300 1508 349 delides

100 370 354 433 nauticos,
400 371 576 419 adtrita
604 369 753 419 lintea
782 376 896 417 cum
925 369 1243 430 rudentibus,
1294 387 1418 434 quae
1456 373 1508 416 li-

90 443 202 496 „cuit
225 441 380 507 parari
410 439 624 489 securius
641 476 654 501 ,
696 439 823 488 inter
849 441 1026 486 fluctus
1052 437 1281 486 resarcire
1309 452 1507 486 coactos

100 526 148 560 et
183 511 503 575 tempestates.
584 509 905 573 Ambigentes
943 506 1087 573 super
1126 507 1313 572 origine
1352 509 1509 572 prima
1522 537 1548 562 2

101 581 361 629 Gallorum
388 579 649 643 scriptores
683 592 868 626 veteres
898 577 1125 624 notitiam
1159 578 1399 642 reliquere
1431 596 1510 624 ne-

100 650 222 715 gotii
254 649 599 714 semiplenam:
651 646 736 695 sed
770 647 934 712 postea
963 646 1282 712 Timagenes,
1323 660 1370 694 et
1405 645 1513 693 dili-

92 719 262 783 >genua
286 720 503 766 Graecus
525 730 572 765 et
589 716 753 781 lingua
770 754 782 778 ‚
812 716 960 778 haec,
991 735 1116 781 quae
1138 715 1225 763 diu
1246 716 1356 764 sunt
1374 716 1512 780 igno-

101 801 231 845 rata,
271 787 472 852 collegit
503 804 560 835 ex
590 785 947 851 multiplicibus
976 785 1143 833 libris:
1190 786 1329 833 cuius
1359 785 1513 832 fidem

95 855 309 922 sequuti,
339 856 635 904 obscuritate
661 854 875 917 dimota,
914 854 1085 902 eadem
1118 855 1346 902 distincte
1368 855 1508 901 doce-

100 926 264 977 bimus
299 939 347 974 et
378 939 559 991 aperte.
643 923 941 988 Aborigines
973 925 1158 989 primos
1182 925 1232 970 in
1259 924 1336 971 his
1360 925 1558 988 regio-3

99 995 247 1043 nibus
279 992 640 1060 quidam-visos
670 993 762 1042 effe
790 996 1074 1055 firmarunt,
1125 994 1284 1042 Celtas
1316 994 1515 1040 nomine

101 1065 227 1128 regis
250 1064 500 1125 amabilis,
529 1078 577 1111 et
598 1064 766 1111 matris
803 1063 906 1111 eius
939 1065 1182 1112 vocabulo
1219 1063 1415 1110 Galatas
1447 1062 1518 1107 di-

100 1147 234 1182 ctos:
270 1134 337 1180 ita
358 1134 489 1181 enim
511 1133 682 1181 Gallos
702 1131 861 1180 sermo
876 1135 1093 1181 Graecus
1113 1133 1342 1196 adpellat.
1415 1131 1519 1178 Alii

99 1200 388 1264 Dorienses,
426 1202 755 1268 antiqui-orem
785 1200 1016 1265 sequutos
1041 1203 1333 1261 Herculem,
1381 1218 1520 1247 ocea-

100 1271 155 1319 ni
175 1271 313 1319 locos
337 1270 626 1319 inhabitass'e
659 1272 895 1318 confines.
980 1270 1214 1334 Drysidae
1244 1275 1562 1328 memorant'4

89 1357 270 1389 ,revera
306 1340 443 1387 fuiss'e
481 1340 651 1403 populi
682 1353 869 1401 partem
910 1338 1221 1400 indigenam:
1272 1336 1355 1384 scd
1397 1338 1518 1383 alios

103 1427 303 1474 quoque
333 1410 393 1455 ab
427 1407 595 1455 insulis
621 1407 820 1453 extimis
859 1406 1144 1453 confiuxill'e
1190 1420 1237 1453 et
1281 1406 1518 1453 tractibus

102 1477 489 1536 transrhenanis,
545 1476 808 1522 crebritate
854 1476 1124 1532 bellorum,
1188 1489 1235 1521 ct
1271 1476 1516 1522 alluvione

101 1547 280 1594 fervidi
302 1546 446 1592 maris
472 1544 665 1592 sedibus
685 1543 781 1590 suis
805 1541 1049 1607 expulsos.
1121 1543 1277 1589 Aiunt
1296 1547 1515 1607 quidam,
1533 1559 1563 1604 5

102 1635 286 1680 paucos
321 1615 425 1678 post
454 1612 707 1661 excidium
739 1611 948 1671 Troiae,
993 1610 1255 1674 {agitantes
1297 1614 1516 1659 Graecos

101 1686 288 1749 ubique
310 1681 547 1747 dil'pffl'sos
563 1719 575 1743 ,
608 1682 715 1727 loca
735 1680 856 1728 haec
881 1678 1318 1743 Occupass'e,tunc
1350 1699 1514 1727 vacua.

102 1754 376 1817 Regionum
399 1766 559 1799 autem
583 1750 774 1797 incolae
794 1747 846 1796 id
879 1749 1031 1813 magis
1063 1765 1140 1795 om
1151 1748 1293 1796 nibus
1325 1750 1518 1798 adseve-
1536 1764 1564 1805 6

103 1837 227 1883 rant,
261 1821 396 1887 quod
417 1821 562 1868 etiam
584 1837 673 1867 nos
689 1820 905 1883 legimus·
920 1818 969 1864 in
996 1820 1327 1865 monumentis
1348 1838 1518 1867 eorum

99 1891 332 1951 incisum,
366 1889 745 1953 Amphitruonis
763 1888 922 1935 filium
959 1887 1223 1934 Herculem
1249 1887 1310 1934 ad
1333 1890 1520 1955 Geryo-

93 1963 177 2010 ¹nis
207 1975 253 2008 et
287 1958 508 2007 Taurisci
534 1957 750 2007 saevium
786 1972 1100 2022 tyrannorum
1144 1957 1411 2020 perniciem
1450 1960 1518 2006 fe-

26 2047 40 2087 χ
104 2029 318 2090 stinass'e,
352 2046 564 2094 quorum
598 2028 718 2075 alter
746 2026 1026 2090 Hispanias,
1069 2026 1190 2072 alter
1223 2027 1405 2074 Gallias
1442 2029 1516 2074 in-

24 2095 33 2148 f*
61 2154 71 2162 Ι
93 2099 333 2147 ,ΐεῆεὼειιε
371 2096 701 2161 superatisque
723 2096 965 2143 ambobus
989 2094 1132 2143 coilI'e
1169 2114 1283 2142 cum
1317 2115 1519 2161 genero-

103 2168 163 2217 fis
200 2166 420 2227 feminis,
470 2164 822 2230 suscepiss'eque
858 2166 1041 2212 liberos
1088 2165 1283 2228 plures,
1345 2180 1390 2212 et
1432 2184 1515 2212 eos

103 2251 290 2304 partes,
321 2236 499 2300 quibus
522 2236 891 2299 imperitabant,
923 2233 1016 2281 suis
1037 2234 1321 2280 nominibus
1352 2235 1516 2298 adpel-

41 2321 46 2324 ’
96 2305 231 2358 vlass'e.
310 2309 355 2354 A
385 2303 610 2351 Phocaea
637 2321 753 2351 vero
782 2303 1021 2350 Aliaticus
1058 2305 1270 2368 populus
1314 2303 1559 2366 Harpali7

103 2374 468 2423 inclementiam
498 2374 680 2431 vitans,
715 2374 828 2438 Cyri
860 2372 982 2436 regis
1017 2373 1275 2436 praefecti,
1323 2373 1516 2419 ltaliam

103 2444 301 2509 navigio
323 2443 479 2508 petiit.
553 2442 701 2489 Cuius
724 2461 832 2506 pars
853 2443 902 2488 in
927 2441 1141 2488 Lucania
1159 2441 1383 2500 Velium3
1425 2442 1516 2488 alia

101 2513 334 2561 condidit
358 2513 406 2559 in
430 2510 695 2559 Viennenli
728 2511 1007 2558 Malliliam:
1056 2510 1167 2556 dein
1196 2509 1410 2573 sequutis
1443 2518 1517 2557 ae-

98 2582 288 2630 ·tatibus
324 2579 506 2645 oppida
544 2593 681 2626 aucta
715 2579 890 2627 virium
925 2578 1093 2644 copia,
1142 2578 1387 2626 instituere
1415 2582 1513 2626 non

110 2669 288 2715 pauca:
321 2649 406 2698 sed
434 2647 720 2697 declinanda
744 2649 971 2712 varietas‘,
1004 2647 1146 2708 saepe
1174 2645 1380 2695 satietati
1402 2667 1517 2697 con-

761 2718 794 2762 E
836 2735 859 2762 9
