<?xml version="1.0" encoding="UTF-8"?>
<!DOCTYPE html PUBLIC "-//W3C//DTD XHTML 1.0 Transitional//EN"
    "http://www.w3.org/TR/xhtml1/DTD/xhtml1-transitional.dtd">
<html xmlns="http://www.w3.org/1999/xhtml" xml:lang="en" lang="en">
 <head>
  <title>
</title>
<meta http-equiv="Content-Type" content="text/html;charset=utf-8" />
  <meta name='ocr-system' content='tesseract 3.04.00' />
  <meta name='ocr-capabilities' content='ocr_page ocr_carea ocr_par ocr_line ocrx_word'/>
</head>
<body>
  <div class='ocr_page' id='page_1' title='image "ammianimarcellin01ammiuoft_0349.png"; bbox 0 0 1727 3144; ppageno 0'>
   <div class='ocr_carea' id='block_1_1' title="bbox 238 198 1506 262">
    <p class='ocr_par' dir='ltr' id='par_1_1' title="bbox 238 198 1506 262">
     <span class='ocr_line' id='line_1_1' title="bbox 238 198 1506 262; baseline -0.002 -14"><span class='ocrx_word' id='word_1_1' title='bbox 238 213 673 248; x_wconf 71' lang='lat' dir='ltr'>cons&#39;rAN&#39;rlUs</span> <span class='ocrx_word' id='word_1_2' title='bbox 715 213 791 244; x_wconf 73' lang='lat' dir='ltr'>nr</span> <span class='ocrx_word' id='word_1_3' title='bbox 826 211 1148 244; x_wconf 57' lang='lat' dir='ltr'>lucianus,</span> <span class='ocrx_word' id='word_1_4' title='bbox 1222 198 1336 260; x_wconf 66' lang='lat'>559.</span> <span class='ocrx_word' id='word_1_5' title='bbox 1414 218 1506 262; x_wconf 71' lang='lat'>¹79</span> 
     </span>
    </p>
   </div>
   <div class='ocr_carea' id='block_1_2' title="bbox 96 322 1552 875">
    <p class='ocr_par' dir='ltr' id='par_1_2' title="bbox 96 322 1552 875">
     <span class='ocr_line' id='line_1_2' title="bbox 96 322 1507 391; baseline -0.002 -15"><span class='ocrx_word' id='word_1_6' title='bbox 96 325 295 376; x_wconf 79' lang='lat' dir='ltr'>neribus</span> <span class='ocrx_word' id='word_1_7' title='bbox 320 337 666 391; x_wconf 83' lang='lat' dir='ltr'>properarent:</span> <span class='ocrx_word' id='word_1_8' title='bbox 703 341 802 390; x_wconf 91' lang='lat' dir='ltr'>quo</span> <span class='ocrx_word' id='word_1_9' title='bbox 819 322 1004 372; x_wconf 86' lang='lat' dir='ltr'>levium</span> <span class='ocrx_word' id='word_1_10' title='bbox 1037 340 1287 370; x_wconf 87' lang='lat' dir='ltr'>armorum</span> <span class='ocrx_word' id='word_1_11' title='bbox 1309 324 1507 386; x_wconf 81' lang='lat' dir='ltr'>auxilio,</span> 
     </span>
     <span class='ocr_line' id='line_1_3' title="bbox 97 392 1508 461; baseline -0.003 -17"><span class='ocrx_word' id='word_1_12' title='bbox 97 396 135 445; x_wconf 86' lang='lat' dir='ltr'>fi</span> <span class='ocrx_word' id='word_1_13' title='bbox 155 414 249 461; x_wconf 87' lang='lat' dir='ltr'>qua</span> <span class='ocrx_word' id='word_1_14' title='bbox 270 396 372 442; x_wconf 89' lang='lat' dir='ltr'>fors</span> <span class='ocrx_word' id='word_1_15' title='bbox 396 394 611 454; x_wconf 71' lang='lat' dir='ltr'>iuvisset,</span> <span class='ocrx_word' id='word_1_16' title='bbox 651 393 938 441; x_wconf 79' lang='lat' dir='ltr'>stationibus</span> <span class='ocrx_word' id='word_1_17' title='bbox 960 392 1241 457; x_wconf 81' lang='lat' dir='ltr'>interceptis</span> <span class='ocrx_word' id='word_1_18' title='bbox 1262 431 1275 455; x_wconf 84' lang='lat'>,</span> <span class='ocrx_word' id='word_1_19' title='bbox 1312 407 1508 440; x_wconf 80' lang='lat' dir='ltr'>noetur-</span> 
     </span>
     <span class='ocr_line' id='line_1_4' title="bbox 96 461 1509 528; baseline -0.004 -15"><span class='ocrx_word' id='word_1_20' title='bbox 96 483 183 514; x_wconf 87' lang='lat' dir='ltr'>nas</span> <span class='ocrx_word' id='word_1_21' title='bbox 204 464 415 511; x_wconf 79' lang='lat' dir='ltr'>hostium</span> <span class='ocrx_word' id='word_1_22' title='bbox 447 463 830 528; x_wconf 80' lang='lat' dir='ltr'>adgrederentur</span> <span class='ocrx_word' id='word_1_23' title='bbox 859 461 1119 523; x_wconf 79' lang='lat' dir='ltr'>excubias,</span> <span class='ocrx_word' id='word_1_24' title='bbox 1162 481 1284 528; x_wconf 88' lang='lat' dir='ltr'>quae</span> <span class='ocrx_word' id='word_1_25' title='bbox 1322 461 1509 526; x_wconf 79' lang='lat' dir='ltr'>ingenti</span> 
     </span>
     <span class='ocr_line' id='line_1_5' title="bbox 98 528 1508 594; baseline -0.001 -13"><span class='ocrx_word' id='word_1_26' title='bbox 98 534 310 582; x_wconf 88' lang='lat' dir='ltr'>circuitu</span> <span class='ocrx_word' id='word_1_27' title='bbox 329 534 622 581; x_wconf 87' lang='lat' dir='ltr'>vallaverant</span> <span class='ocrx_word' id='word_1_28' title='bbox 651 550 840 594; x_wconf 84' lang='lat' dir='ltr'>muros,</span> <span class='ocrx_word' id='word_1_29' title='bbox 880 545 962 579; x_wconf 89' lang='lat' dir='ltr'>aut</span> <span class='ocrx_word' id='word_1_30' title='bbox 987 528 1373 579; x_wconf 75' lang='lat' dir='ltr'>lacesfitionibus</span> <span class='ocrx_word' id='word_1_31' title='bbox 1406 550 1508 579; x_wconf 85' lang='lat' dir='ltr'>cre-</span> 
     </span>
     <span class='ocr_line' id='line_1_6' title="bbox 97 601 1505 667; baseline -0.004 -16"><span class='ocrx_word' id='word_1_32' title='bbox 97 604 200 651; x_wconf 85' lang='lat' dir='ltr'>bris</span> <span class='ocrx_word' id='word_1_33' title='bbox 256 616 553 667; x_wconf 77' lang='lat' dir='ltr'>occuparent</span> <span class='ocrx_word' id='word_1_34' title='bbox 614 601 858 649; x_wconf 82' lang='lat' dir='ltr'>obfidioni</span> <span class='ocrx_word' id='word_1_35' title='bbox 914 601 1109 649; x_wconf 88' lang='lat' dir='ltr'>fortiter</span> <span class='ocrx_word' id='word_1_36' title='bbox 1170 601 1505 648; x_wconf 84' lang='lat' dir='ltr'>adhaerentes.</span> 
     </span>
     <span class='ocr_line' id='line_1_7' title="bbox 99 667 1552 736; baseline 0 -17"><span class='ocrx_word' id='word_1_37' title='bbox 99 667 296 736; x_wconf 82' lang='lat' dir='ltr'>Quibus</span> <span class='ocrx_word' id='word_1_38' title='bbox 336 671 630 719; x_wconf 84' lang='lat' dir='ltr'>Sabinianus</span> <span class='ocrx_word' id='word_1_39' title='bbox 669 671 970 718; x_wconf 74' lang='lat' dir='ltr'>renitebatur</span> <span class='ocrx_word' id='word_1_40' title='bbox 1019 684 1074 716; x_wconf 91' lang='lat' dir='ltr'>ut</span> <span class='ocrx_word' id='word_1_41' title='bbox 1115 671 1298 732; x_wconf 81' lang='lat' dir='ltr'>noxiis,</span> <span class='ocrx_word' id='word_1_42' title='bbox 1351 671 1552 735; x_wconf 66' lang='lat' dir='ltr'>palam?-</span> 
     </span>
     <span class='ocr_line' id='line_1_8' title="bbox 100 738 1513 805; baseline -0.001 -19"><span class='ocrx_word' id='word_1_43' title='bbox 100 739 303 805; x_wconf 86' lang='lat' dir='ltr'>quidem</span> <span class='ocrx_word' id='word_1_44' title='bbox 322 740 507 788; x_wconf 80' lang='lat' dir='ltr'>litteras</span> <span class='ocrx_word' id='word_1_45' title='bbox 527 739 803 804; x_wconf 86' lang='lat' dir='ltr'>imperiales</span> <span class='ocrx_word' id='word_1_46' title='bbox 821 738 1166 804; x_wconf 84' lang='lat' dir='ltr'>praetendens,</span> <span class='ocrx_word' id='word_1_47' title='bbox 1198 739 1383 787; x_wconf 84' lang='lat' dir='ltr'>intacto</span> <span class='ocrx_word' id='word_1_48' title='bbox 1404 740 1513 787; x_wconf 85' lang='lat' dir='ltr'>ubi-</span> 
     </span>
     <span class='ocr_line' id='line_1_9' title="bbox 99 808 1512 875; baseline 0.001 -20"><span class='ocrx_word' id='word_1_49' title='bbox 99 827 195 875; x_wconf 87' lang='lat' dir='ltr'>que</span> <span class='ocrx_word' id='word_1_50' title='bbox 217 808 398 869; x_wconf 80' lang='lat' dir='ltr'>milite,</span> <span class='ocrx_word' id='word_1_51' title='bbox 427 808 673 874; x_wconf 87' lang='lat' dir='ltr'>quidquid</span> <span class='ocrx_word' id='word_1_52' title='bbox 691 809 793 873; x_wconf 87' lang='lat' dir='ltr'>geri</span> <span class='ocrx_word' id='word_1_53' title='bbox 816 808 1071 874; x_wconf 81' lang='lat' dir='ltr'>potuiffet,</span> <span class='ocrx_word' id='word_1_54' title='bbox 1107 809 1303 873; x_wconf 86' lang='lat' dir='ltr'>impleri</span> <span class='ocrx_word' id='word_1_55' title='bbox 1330 809 1512 856; x_wconf 83' lang='lat' dir='ltr'>debere</span> 
     </span>
    </p>
   </div>
   <div class='ocr_carea' id='block_1_3' title="bbox 11 877 1561 943">
    <p class='ocr_par' dir='ltr' id='par_1_3' title="bbox 11 877 1561 943">
     <span class='ocr_line' id='line_1_10' title="bbox 11 877 1561 943; baseline -0.001 -17"><span class='ocrx_word' id='word_1_56' title='bbox 11 894 34 918; x_wconf 71' lang='lat'>&#39;0</span> <span class='ocrx_word' id='word_1_57' title='bbox 98 891 263 943; x_wconf 86' lang='lat' dir='ltr'>aperte</span> <span class='ocrx_word' id='word_1_58' title='bbox 283 878 533 925; x_wconf 89' lang='lat' dir='ltr'>iubentes:</span> <span class='ocrx_word' id='word_1_59' title='bbox 570 878 696 924; x_wconf 85' lang='lat' dir='ltr'>clam</span> <span class='ocrx_word' id='word_1_60' title='bbox 716 895 833 926; x_wconf 87' lang='lat' dir='ltr'>vero</span> <span class='ocrx_word' id='word_1_61' title='bbox 855 877 1006 925; x_wconf 89' lang='lat' dir='ltr'>corde</span> <span class='ocrx_word' id='word_1_62' title='bbox 1028 877 1255 925; x_wconf 78' lang='lat' dir='ltr'>altissimo</span> <span class='ocrx_word' id='word_1_63' title='bbox 1281 879 1511 939; x_wconf 86' lang='lat' dir='ltr'>retinens,</span> <span class='ocrx_word' id='word_1_64' title='bbox 1559 897 1561 899; x_wconf 92' lang='lat'>·</span> 
     </span>
    </p>
   </div>
   <div class='ocr_carea' id='block_1_4' title="bbox 66 945 1544 1768">
    <p class='ocr_par' dir='ltr' id='par_1_4' title="bbox 66 945 1544 1768">
     <span class='ocr_line' id='line_1_11' title="bbox 66 945 1511 1011; baseline 0.001 -16"><span class='ocrx_word' id='word_1_65' title='bbox 66 963 71 971; x_wconf 90' lang='grc'><strong><em>·</em></strong></span> <span class='ocrx_word' id='word_1_66' title='bbox 96 945 240 1011; x_wconf 85' lang='lat' dir='ltr'>saepe</span> <span class='ocrx_word' id='word_1_67' title='bbox 262 947 314 993; x_wconf 93' lang='lat' dir='ltr'>in</span> <span class='ocrx_word' id='word_1_68' title='bbox 333 947 572 995; x_wconf 88' lang='lat' dir='ltr'>comitatu</span> <span class='ocrx_word' id='word_1_69' title='bbox 589 945 680 993; x_wconf 85' lang='lat' dir='ltr'>fibi</span> <span class='ocrx_word' id='word_1_70' title='bbox 697 946 1005 1009; x_wconf 80' lang='lat' dir='ltr'>mandatum,</span> <span class='ocrx_word' id='word_1_71' title='bbox 1037 961 1092 994; x_wconf 85' lang='lat' dir='ltr'>ut</span> <span class='ocrx_word' id='word_1_72' title='bbox 1121 947 1280 994; x_wconf 86' lang='lat' dir='ltr'>ansam</span> <span class='ocrx_word' id='word_1_73' title='bbox 1311 966 1511 996; x_wconf 87' lang='lat' dir='ltr'>omnem</span> 
     </span>
     <span class='ocr_line' id='line_1_12' title="bbox 100 1015 1510 1081; baseline 0.001 -19"><span class='ocrx_word' id='word_1_74' title='bbox 100 1015 441 1081; x_wconf 83' lang='lat' dir='ltr'>adipiscendae</span> <span class='ocrx_word' id='word_1_75' title='bbox 460 1015 618 1063; x_wconf 89' lang='lat' dir='ltr'>laudis</span> <span class='ocrx_word' id='word_1_76' title='bbox 644 1015 880 1064; x_wconf 84' lang='lat' dir='ltr'>deceffori</span> <span class='ocrx_word' id='word_1_77' title='bbox 898 1015 986 1064; x_wconf 91' lang='lat' dir='ltr'>suo</span> <span class='ocrx_word' id='word_1_78' title='bbox 1014 1017 1206 1064; x_wconf 81' lang='lat' dir='ltr'>ardenti</span> <span class='ocrx_word' id='word_1_79' title='bbox 1224 1017 1384 1064; x_wconf 87' lang='lat' dir='ltr'>studio</span> <span class='ocrx_word' id='word_1_80' title='bbox 1408 1018 1510 1080; x_wconf 76' lang='lat' dir='ltr'>glo-</span> 
     </span>
     <span class='ocr_line' id='line_1_13' title="bbox 99 1084 1511 1150; baseline 0 -18"><span class='ocrx_word' id='word_1_81' title='bbox 99 1086 201 1132; x_wconf 86' lang='lat' dir='ltr'>riae</span> <span class='ocrx_word' id='word_1_82' title='bbox 233 1084 636 1144; x_wconf 87' lang='lat' dir='ltr'>circumcideret,</span> <span class='ocrx_word' id='word_1_83' title='bbox 687 1086 833 1134; x_wconf 90' lang='lat' dir='ltr'>etiam</span> <span class='ocrx_word' id='word_1_84' title='bbox 875 1105 931 1134; x_wconf 83' lang='lat' dir='ltr'>ex</span> <span class='ocrx_word' id='word_1_85' title='bbox 975 1087 1227 1150; x_wconf 83' lang='lat' dir='ltr'>republica</span> <span class='ocrx_word' id='word_1_86' title='bbox 1268 1086 1511 1150; x_wconf 71' lang='lat' dir='ltr'>processu-</span> 
     </span>
     <span class='ocr_line' id='line_1_14' title="bbox 101 1153 1544 1220; baseline 0.002 -19"><span class='ocrx_word' id='word_1_87' title='bbox 101 1173 220 1201; x_wconf 89' lang='lat' dir='ltr'>ram.</span> <span class='ocrx_word' id='word_1_88' title='bbox 293 1153 439 1204; x_wconf 82' lang='lat' dir='ltr'>Adeo</span> <span class='ocrx_word' id='word_1_89' title='bbox 461 1155 540 1202; x_wconf 90' lang='lat' dir='ltr'>vel</span> <span class='ocrx_word' id='word_1_90' title='bbox 557 1173 670 1201; x_wconf 87' lang='lat' dir='ltr'>eum</span> <span class='ocrx_word' id='word_1_91' title='bbox 691 1155 838 1203; x_wconf 85' lang='lat' dir='ltr'>exitio</span> <span class='ocrx_word' id='word_1_92' title='bbox 863 1156 1228 1220; x_wconf 84' lang='lat' dir='ltr'>provinciarum</span> <span class='ocrx_word' id='word_1_93' title='bbox 1255 1156 1544 1204; x_wconf 76' lang='lat' dir='ltr'>festinaba-3</span> 
     </span>
     <span class='ocr_line' id='line_1_15' title="bbox 99 1223 1514 1284; baseline -0.001 -15"><span class='ocrx_word' id='word_1_94' title='bbox 99 1236 203 1284; x_wconf 86' lang='lat' dir='ltr'>tur,</span> <span class='ocrx_word' id='word_1_95' title='bbox 245 1240 307 1270; x_wconf 86' lang='lat' dir='ltr'>ne</span> <span class='ocrx_word' id='word_1_96' title='bbox 337 1223 596 1271; x_wconf 86' lang='lat' dir='ltr'>bellicosus</span> <span class='ocrx_word' id='word_1_97' title='bbox 622 1224 776 1272; x_wconf 88' lang='lat' dir='ltr'>homo</span> <span class='ocrx_word' id='word_1_98' title='bbox 809 1225 1143 1272; x_wconf 87' lang='lat' dir='ltr'>memorabilis</span> <span class='ocrx_word' id='word_1_99' title='bbox 1174 1225 1377 1271; x_wconf 86' lang='lat' dir='ltr'>alienius</span> <span class='ocrx_word' id='word_1_100' title='bbox 1401 1224 1514 1269; x_wconf 89' lang='lat' dir='ltr'>faci-</span> 
     </span>
     <span class='ocr_line' id='line_1_16' title="bbox 102 1291 1510 1354; baseline 0 -16"><span class='ocrx_word' id='word_1_101' title='bbox 102 1291 237 1338; x_wconf 86' lang='lat' dir='ltr'>noris</span> <span class='ocrx_word' id='word_1_102' title='bbox 268 1305 438 1338; x_wconf 86' lang='lat' dir='ltr'>auctor</span> <span class='ocrx_word' id='word_1_103' title='bbox 465 1292 770 1340; x_wconf 86' lang='lat' dir='ltr'>nuntiaretur</span> <span class='ocrx_word' id='word_1_104' title='bbox 799 1307 880 1339; x_wconf 90' lang='lat' dir='ltr'>aut</span> <span class='ocrx_word' id='word_1_105' title='bbox 913 1292 1086 1340; x_wconf 87' lang='lat' dir='ltr'>socius.</span> <span class='ocrx_word' id='word_1_106' title='bbox 1174 1292 1394 1354; x_wconf 80' lang='lat' dir='ltr'>Ideoque</span> <span class='ocrx_word' id='word_1_107' title='bbox 1432 1291 1510 1338; x_wconf 86' lang='lat' dir='ltr'>his</span> 
     </span>
     <span class='ocr_line' id='line_1_17' title="bbox 104 1359 1508 1424; baseline 0.001 -18"><span class='ocrx_word' id='word_1_108' title='bbox 104 1359 339 1407; x_wconf 85' lang='lat' dir='ltr'>attonitus</span> <span class='ocrx_word' id='word_1_109' title='bbox 358 1360 495 1406; x_wconf 89' lang='lat' dir='ltr'>malis</span> <span class='ocrx_word' id='word_1_110' title='bbox 510 1396 523 1420; x_wconf 92' lang='lat'>‚</span> <span class='ocrx_word' id='word_1_111' title='bbox 555 1360 882 1424; x_wconf 79' lang='lat' dir='ltr'>exploratores</span> <span class='ocrx_word' id='word_1_112' title='bbox 901 1360 963 1406; x_wconf 87' lang='lat' dir='ltr'>ad</span> <span class='ocrx_word' id='word_1_113' title='bbox 990 1379 1078 1407; x_wconf 89' lang='lat' dir='ltr'>nos</span> <span class='ocrx_word' id='word_1_114' title='bbox 1095 1359 1232 1423; x_wconf 85' lang='lat' dir='ltr'>saepe</span> <span class='ocrx_word' id='word_1_115' title='bbox 1266 1359 1508 1407; x_wconf 80' lang='lat' dir='ltr'>mittendo</span> 
     </span>
     <span class='ocr_line' id='line_1_18' title="bbox 105 1427 1513 1494; baseline 0 -18"><span class='ocrx_word' id='word_1_116' title='bbox 105 1429 242 1494; x_wconf 86' lang='lat' dir='ltr'>(licet</span> <span class='ocrx_word' id='word_1_117' title='bbox 264 1428 328 1474; x_wconf 93' lang='lat' dir='ltr'>ob</span> <span class='ocrx_word' id='word_1_118' title='bbox 349 1427 587 1475; x_wconf 83' lang='lat' dir='ltr'>custodias</span> <span class='ocrx_word' id='word_1_119' title='bbox 609 1442 733 1475; x_wconf 89' lang='lat' dir='ltr'>artas</span> <span class='ocrx_word' id='word_1_120' title='bbox 753 1430 913 1475; x_wconf 86' lang='lat' dir='ltr'>nullus</span> <span class='ocrx_word' id='word_1_121' title='bbox 934 1429 1075 1476; x_wconf 88' lang='lat' dir='ltr'>facile</span> <span class='ocrx_word' id='word_1_122' title='bbox 1104 1428 1343 1494; x_wconf 80' lang='lat' dir='ltr'>oppidum</span> <span class='ocrx_word' id='word_1_123' title='bbox 1377 1444 1513 1493; x_wconf 87' lang='lat' dir='ltr'>pote-</span> 
     </span>
     <span class='ocr_line' id='line_1_19' title="bbox 105 1495 1516 1561; baseline 0.001 -17"><span class='ocrx_word' id='word_1_124' title='bbox 105 1511 180 1545; x_wconf 88' lang='lat' dir='ltr'>rat</span> <span class='ocrx_word' id='word_1_125' title='bbox 200 1495 421 1561; x_wconf 82' lang='lat' dir='ltr'>introire)</span> <span class='ocrx_word' id='word_1_126' title='bbox 446 1511 494 1543; x_wconf 87' lang='lat' dir='ltr'>et</span> <span class='ocrx_word' id='word_1_127' title='bbox 513 1496 650 1543; x_wconf 87' lang='lat' dir='ltr'>utilia</span> <span class='ocrx_word' id='word_1_128' title='bbox 672 1498 901 1561; x_wconf 85' lang='lat' dir='ltr'>agitando</span> <span class='ocrx_word' id='word_1_129' title='bbox 924 1498 1177 1560; x_wconf 85' lang='lat' dir='ltr'>complura</span> <span class='ocrx_word' id='word_1_130' title='bbox 1215 1498 1339 1544; x_wconf 83' lang='lat' dir='ltr'>nihil</span> <span class='ocrx_word' id='word_1_131' title='bbox 1367 1500 1516 1561; x_wconf 83' lang='lat' dir='ltr'>profi·</span> 
     </span>
     <span class='ocr_line' id='line_1_20' title="bbox 107 1564 1515 1630; baseline 0 -17"><span class='ocrx_word' id='word_1_132' title='bbox 107 1567 239 1614; x_wconf 88' lang='lat' dir='ltr'>ciens</span> <span class='ocrx_word' id='word_1_133' title='bbox 256 1601 272 1622; x_wconf 85' lang='lat'><em>‚</em></span> <span class='ocrx_word' id='word_1_134' title='bbox 306 1564 548 1612; x_wconf 82' lang='lat' dir='ltr'>visebatur</span> <span class='ocrx_word' id='word_1_135' title='bbox 565 1580 620 1612; x_wconf 90' lang='lat' dir='ltr'>ut</span> <span class='ocrx_word' id='word_1_136' title='bbox 636 1566 716 1612; x_wconf 92' lang='lat' dir='ltr'>leo</span> <span class='ocrx_word' id='word_1_137' title='bbox 737 1566 1072 1630; x_wconf 82' lang='lat' dir='ltr'>magnitudine</span> <span class='ocrx_word' id='word_1_138' title='bbox 1096 1567 1321 1628; x_wconf 87' lang='lat' dir='ltr'>corporis</span> <span class='ocrx_word' id='word_1_139' title='bbox 1346 1580 1393 1613; x_wconf 90' lang='lat' dir='ltr'>et</span> <span class='ocrx_word' id='word_1_140' title='bbox 1416 1580 1515 1613; x_wconf 82' lang='lat' dir='ltr'>tor-</span> 
     </span>
     <span class='ocr_line' id='line_1_21' title="bbox 106 1633 1512 1698; baseline -0.001 -16"><span class='ocrx_word' id='word_1_141' title='bbox 106 1635 254 1682; x_wconf 83' lang='lat' dir='ltr'>vitate</span> <span class='ocrx_word' id='word_1_142' title='bbox 275 1634 530 1695; x_wconf 82' lang='lat' dir='ltr'>terribilis‚</span> <span class='ocrx_word' id='word_1_143' title='bbox 560 1633 770 1681; x_wconf 89' lang='lat' dir='ltr'>inclusos</span> <span class='ocrx_word' id='word_1_144' title='bbox 791 1634 916 1680; x_wconf 85' lang='lat' dir='ltr'>intra</span> <span class='ocrx_word' id='word_1_145' title='bbox 941 1634 1058 1680; x_wconf 79' lang='lat' dir='ltr'>retia</span> <span class='ocrx_word' id='word_1_146' title='bbox 1082 1636 1268 1680; x_wconf 85' lang='lat' dir='ltr'>catulos</span> <span class='ocrx_word' id='word_1_147' title='bbox 1290 1635 1512 1698; x_wconf 84' lang='lat' dir='ltr'>periculo</span> 
     </span>
     <span class='ocr_line' id='line_1_22' title="bbox 109 1701 1515 1768; baseline 0 -17"><span class='ocrx_word' id='word_1_148' title='bbox 109 1717 331 1768; x_wconf 88' lang='lat' dir='ltr'>ereptum</span> <span class='ocrx_word' id='word_1_149' title='bbox 362 1703 433 1750; x_wconf 87' lang='lat' dir='ltr'>ire</span> <span class='ocrx_word' id='word_1_150' title='bbox 461 1720 562 1750; x_wconf 91' lang='lat' dir='ltr'>non</span> <span class='ocrx_word' id='word_1_151' title='bbox 592 1701 799 1766; x_wconf 76' lang='lat' dir='ltr'>audens,</span> <span class='ocrx_word' id='word_1_152' title='bbox 844 1703 884 1768; x_wconf 85' lang='lat'>²)</span> <span class='ocrx_word' id='word_1_153' title='bbox 910 1702 1156 1767; x_wconf 85' lang='lat' dir='ltr'>unguibus</span> <span class='ocrx_word' id='word_1_154' title='bbox 1196 1702 1437 1767; x_wconf 76' lang='lat' dir='ltr'>ademptis</span> <span class='ocrx_word' id='word_1_155' title='bbox 1466 1718 1515 1751; x_wconf 82' lang='lat' dir='ltr'>et</span> 
     </span>
    </p>
   </div>
   <div class='ocr_carea' id='block_1_5' title="bbox 49 1772 353 1821">
    <p class='ocr_par' dir='ltr' id='par_1_5' title="bbox 49 1772 353 1821">
     <span class='ocr_line' id='line_1_23' title="bbox 49 1772 353 1821; baseline -0.016 0"><span class='ocrx_word' id='word_1_156' title='bbox 49 1814 57 1821; x_wconf 85' lang='lat'>.</span> <span class='ocrx_word' id='word_1_157' title='bbox 111 1772 353 1820; x_wconf 87' lang='lat' dir='ltr'>dentibus.</span> 
     </span>
    </p>
   </div>
   <div class='ocr_carea' id='block_1_6' title="bbox 0 2530 6 3094">
    <p class='ocr_par' dir='ltr' id='par_1_6' title="bbox 0 2530 6 3094">
     <span class='ocr_line' id='line_1_24' title="bbox 0 2530 6 3094; baseline 0 0"><span class='ocrx_word' id='word_1_158' title='bbox 0 2530 6 3094; x_wconf 95' lang='lat' dir='ltr'> </span> 
     </span>
    </p>
   </div>
   <div class='ocr_carea' id='block_1_7' title="bbox 0 2530 6 3094">
    <p class='ocr_par' dir='ltr' id='par_1_7' title="bbox 0 2530 6 3094">
     <span class='ocr_line' id='line_1_25' title="bbox 0 2530 6 3094; baseline 0 0"><span class='ocrx_word' id='word_1_159' title='bbox 0 2530 6 3094; x_wconf 95' lang='lat' dir='ltr'> </span> 
     </span>
    </p>
   </div>
   <div class='ocr_carea' id='block_1_8' title="bbox 109 1838 1559 2594">
    <p class='ocr_par' dir='ltr' id='par_1_8' title="bbox 109 1838 1559 2594">
     <span class='ocr_line' id='line_1_26' title="bbox 214 1838 1545 1905; baseline 0 -17"><span class='ocrx_word' id='word_1_160' title='bbox 214 1841 303 1889; x_wconf 88' lang='lat' dir='ltr'>IV.</span> <span class='ocrx_word' id='word_1_161' title='bbox 341 1838 442 1887; x_wconf 89' lang='lat' dir='ltr'>Sed</span> <span class='ocrx_word' id='word_1_162' title='bbox 464 1839 514 1886; x_wconf 89' lang='lat' dir='ltr'>in</span> <span class='ocrx_word' id='word_1_163' title='bbox 536 1838 756 1901; x_wconf 84' lang='lat' dir='ltr'>civitate,</span> <span class='ocrx_word' id='word_1_164' title='bbox 798 1839 887 1887; x_wconf 87' lang='lat' dir='ltr'>ubi</span> <span class='ocrx_word' id='word_1_165' title='bbox 906 1839 1180 1905; x_wconf 84' lang='lat' dir='ltr'>sparsorum</span> <span class='ocrx_word' id='word_1_166' title='bbox 1206 1859 1293 1905; x_wconf 86' lang='lat' dir='ltr'>per</span> <span class='ocrx_word' id='word_1_167' title='bbox 1317 1839 1417 1888; x_wconf 86' lang='lat' dir='ltr'>vias</span> <span class='ocrx_word' id='word_1_168' title='bbox 1440 1858 1545 1888; x_wconf 74' lang='lat' dir='ltr'>‹za-1</span> 
     </span>
     <span class='ocr_line' id='line_1_27' title="bbox 111 1907 1518 1975; baseline 0 -17"><span class='ocrx_word' id='word_1_169' title='bbox 111 1910 344 1958; x_wconf 89' lang='lat' dir='ltr'>daverum</span> <span class='ocrx_word' id='word_1_170' title='bbox 363 1907 630 1956; x_wconf 84' lang='lat' dir='ltr'>multitudo</span> <span class='ocrx_word' id='word_1_171' title='bbox 657 1907 896 1956; x_wconf 84' lang='lat' dir='ltr'>humandi</span> <span class='ocrx_word' id='word_1_172' title='bbox 928 1911 1087 1957; x_wconf 86' lang='lat' dir='ltr'>officia</span> <span class='ocrx_word' id='word_1_173' title='bbox 1122 1909 1394 1975; x_wconf 79' lang='lat' dir='ltr'>superaret,</span> <span class='ocrx_word' id='word_1_174' title='bbox 1436 1929 1518 1975; x_wconf 88' lang='lat' dir='ltr'>pe-</span> 
     </span>
     <span class='ocr_line' id='line_1_28' title="bbox 109 1977 1518 2044; baseline -0.001 -17"><span class='ocrx_word' id='word_1_175' title='bbox 109 1978 316 2028; x_wconf 82' lang='lat' dir='ltr'>stilentia</span> <span class='ocrx_word' id='word_1_176' title='bbox 344 1992 418 2025; x_wconf 87' lang='lat' dir='ltr'>tot</span> <span class='ocrx_word' id='word_1_177' title='bbox 442 1977 582 2024; x_wconf 84' lang='lat' dir='ltr'>malis</span> <span class='ocrx_word' id='word_1_178' title='bbox 605 1978 820 2042; x_wconf 76' lang='lat' dir='ltr'>accessit,</span> <span class='ocrx_word' id='word_1_179' title='bbox 853 1980 1229 2026; x_wconf 82' lang='lat' dir='ltr'>verminantium</span> <span class='ocrx_word' id='word_1_180' title='bbox 1249 1998 1518 2044; x_wconf 84' lang='lat' dir='ltr'>corporum</span> 
     </span>
     <span class='ocr_line' id='line_1_29' title="bbox 110 2047 1517 2113; baseline -0.001 -17"><span class='ocrx_word' id='word_1_181' title='bbox 110 2048 190 2096; x_wconf 87' lang='lat' dir='ltr'>lue</span> <span class='ocrx_word' id='word_1_182' title='bbox 233 2047 454 2107; x_wconf 81' lang='lat' dir='ltr'>tabifica,</span> <span class='ocrx_word' id='word_1_183' title='bbox 505 2047 749 2111; x_wconf 81' lang='lat' dir='ltr'>vaporatis</span> <span class='ocrx_word' id='word_1_184' title='bbox 787 2047 1020 2110; x_wconf 80' lang='lat' dir='ltr'>aestibus,</span> <span class='ocrx_word' id='word_1_185' title='bbox 1080 2049 1315 2113; x_wconf 85' lang='lat' dir='ltr'>varioque</span> <span class='ocrx_word' id='word_1_186' title='bbox 1361 2050 1517 2113; x_wconf 87' lang='lat' dir='ltr'>plebis</span> 
     </span>
     <span class='ocr_line' id='line_1_30' title="bbox 111 2116 1519 2181; baseline -0.002 -16"><span class='ocrx_word' id='word_1_187' title='bbox 111 2118 343 2181; x_wconf 82' lang='lat' dir='ltr'>languore</span> <span class='ocrx_word' id='word_1_188' title='bbox 364 2116 568 2162; x_wconf 87' lang='lat' dir='ltr'>nutrita:</span> <span class='ocrx_word' id='word_1_189' title='bbox 602 2133 726 2179; x_wconf 88' lang='lat' dir='ltr'>quae</span> <span class='ocrx_word' id='word_1_190' title='bbox 750 2135 924 2180; x_wconf 86' lang='lat' dir='ltr'>genera</span> <span class='ocrx_word' id='word_1_191' title='bbox 945 2119 1234 2165; x_wconf 83' lang='lat' dir='ltr'>morborum</span> <span class='ocrx_word' id='word_1_192' title='bbox 1256 2118 1386 2164; x_wconf 89' lang='lat' dir='ltr'>unde</span> <span class='ocrx_word' id='word_1_193' title='bbox 1401 2116 1519 2164; x_wconf 86' lang='lat' dir='ltr'>oriri</span> 
     </span>
     <span class='ocr_line' id='line_1_31' title="bbox 113 2185 1559 2249; baseline -0.001 -15"><span class='ocrx_word' id='word_1_194' title='bbox 113 2185 297 2244; x_wconf 83' lang='lat' dir='ltr'>solent,</span> <span class='ocrx_word' id='word_1_195' title='bbox 339 2185 552 2231; x_wconf 84' lang='lat' dir='ltr'>breviter</span> <span class='ocrx_word' id='word_1_196' title='bbox 586 2186 858 2249; x_wconf 82' lang='lat' dir='ltr'>explicabo.</span> <span class='ocrx_word' id='word_1_197' title='bbox 948 2186 1262 2235; x_wconf 84' lang='lat' dir='ltr'>Nimietatem</span> <span class='ocrx_word' id='word_1_198' title='bbox 1306 2186 1559 2248; x_wconf 75' lang='lat' dir='ltr'>frigoris‚2</span> 
     </span>
     <span class='ocr_line' id='line_1_32' title="bbox 116 2252 1520 2319; baseline -0.001 -17"><span class='ocrx_word' id='word_1_199' title='bbox 116 2268 199 2302; x_wconf 87' lang='lat' dir='ltr'>aut</span> <span class='ocrx_word' id='word_1_200' title='bbox 220 2254 419 2313; x_wconf 82' lang='lat' dir='ltr'>caloris,</span> <span class='ocrx_word' id='word_1_201' title='bbox 454 2253 532 2300; x_wconf 87' lang='lat' dir='ltr'>vel</span> <span class='ocrx_word' id='word_1_202' title='bbox 558 2252 808 2316; x_wconf 84' lang='lat' dir='ltr'>humoris,</span> <span class='ocrx_word' id='word_1_203' title='bbox 839 2256 916 2303; x_wconf 79' lang='lat' dir='ltr'>vel</span> <span class='ocrx_word' id='word_1_204' title='bbox 937 2254 1162 2304; x_wconf 77' lang='lat' dir='ltr'>siccitatis</span> <span class='ocrx_word' id='word_1_205' title='bbox 1179 2294 1190 2316; x_wconf 78' lang='lat'>,</span> <span class='ocrx_word' id='word_1_206' title='bbox 1228 2254 1520 2319; x_wconf 75' lang='lat' dir='ltr'>pestilentias</span> 
     </span>
     <span class='ocr_line' id='line_1_33' title="bbox 118 2321 1520 2387; baseline -0.001 -18"><span class='ocrx_word' id='word_1_207' title='bbox 118 2323 312 2387; x_wconf 80' lang='lat' dir='ltr'>gignere</span> <span class='ocrx_word' id='word_1_208' title='bbox 344 2321 631 2386; x_wconf 83' lang='lat' dir='ltr'>philosophi</span> <span class='ocrx_word' id='word_1_209' title='bbox 662 2338 709 2369; x_wconf 87' lang='lat' dir='ltr'>et</span> <span class='ocrx_word' id='word_1_210' title='bbox 737 2324 941 2372; x_wconf 78' lang='lat' dir='ltr'>illustres</span> <span class='ocrx_word' id='word_1_211' title='bbox 980 2325 1160 2373; x_wconf 88' lang='lat' dir='ltr'>medici</span> <span class='ocrx_word' id='word_1_212' title='bbox 1198 2322 1520 2370; x_wconf 80' lang='lat' dir='ltr'>tradiderunt.</span> 
     </span>
     <span class='ocr_line' id='line_1_34' title="bbox 117 2389 1522 2459; baseline 0 -21"><span class='ocrx_word' id='word_1_213' title='bbox 117 2391 263 2439; x_wconf 89' lang='lat' dir='ltr'>Unde</span> <span class='ocrx_word' id='word_1_214' title='bbox 290 2391 561 2438; x_wconf 87' lang='lat' dir='ltr'>accolentes</span> <span class='ocrx_word' id='word_1_215' title='bbox 582 2390 687 2438; x_wconf 91' lang='lat' dir='ltr'>loca</span> <span class='ocrx_word' id='word_1_216' title='bbox 713 2394 932 2455; x_wconf 86' lang='lat' dir='ltr'>palustria</span> <span class='ocrx_word' id='word_1_217' title='bbox 954 2396 1030 2442; x_wconf 88' lang='lat' dir='ltr'>vel</span> <span class='ocrx_word' id='word_1_218' title='bbox 1052 2397 1086 2459; x_wconf 84' lang='lat'>¹)</span> <span class='ocrx_word' id='word_1_219' title='bbox 1102 2395 1348 2448; x_wconf 80' lang='lat' dir='ltr'>humecta,</span> <span class='ocrx_word' id='word_1_220' title='bbox 1379 2389 1522 2438; x_wconf 60' lang='lat' dir='ltr'>tnss&#39;es</span> 
     </span>
     <span class='ocr_line' id='line_1_35' title="bbox 121 2458 1524 2527; baseline -0.001 -20"><span class='ocrx_word' id='word_1_221' title='bbox 121 2475 168 2508; x_wconf 86' lang='lat' dir='ltr'>et</span> <span class='ocrx_word' id='word_1_222' title='bbox 188 2461 408 2508; x_wconf 87' lang='lat' dir='ltr'>oculares</span> <span class='ocrx_word' id='word_1_223' title='bbox 427 2458 591 2517; x_wconf 82' lang='lat' dir='ltr'>casus,</span> <span class='ocrx_word' id='word_1_224' title='bbox 621 2473 668 2507; x_wconf 85' lang='lat' dir='ltr'>et</span> <span class='ocrx_word' id='word_1_225' title='bbox 689 2461 860 2509; x_wconf 85' lang='lat' dir='ltr'>fimilia</span> <span class='ocrx_word' id='word_1_226' title='bbox 889 2463 1163 2527; x_wconf 86' lang='lat' dir='ltr'>perferunt:</span> <span class='ocrx_word' id='word_1_227' title='bbox 1207 2473 1376 2506; x_wconf 87' lang='lat' dir='ltr'>contra</span> <span class='ocrx_word' id='word_1_228' title='bbox 1409 2478 1524 2506; x_wconf 87' lang='lat' dir='ltr'>con-</span> 
     </span>
     <span class='ocr_line' id='line_1_36' title="bbox 122 2527 1523 2594; baseline -0.001 -17"><span class='ocrx_word' id='word_1_229' title='bbox 122 2531 242 2578; x_wconf 85' lang='lat' dir='ltr'>fines</span> <span class='ocrx_word' id='word_1_230' title='bbox 265 2529 538 2591; x_wconf 77' lang='lat' dir='ltr'>caloribUS‚</span> <span class='ocrx_word' id='word_1_231' title='bbox 577 2528 619 2594; x_wconf 76' lang='lat'>²)</span> <span class='ocrx_word' id='word_1_232' title='bbox 645 2542 812 2594; x_wconf 81' lang='lat' dir='ltr'>tepore</span> <span class='ocrx_word' id='word_1_233' title='bbox 839 2531 1053 2579; x_wconf 85' lang='lat' dir='ltr'>febrium</span> <span class='ocrx_word' id='word_1_234' title='bbox 1088 2529 1323 2578; x_wconf 85' lang='lat' dir='ltr'>arescunt.</span> <span class='ocrx_word' id='word_1_235' title='bbox 1406 2527 1523 2590; x_wconf 82' lang='lat' dir='ltr'>Sed,</span> 
     </span>
    </p>
   </div>
   <div class='ocr_carea' id='block_1_9' title="bbox 750 2599 868 2647">
    <p class='ocr_par' dir='ltr' id='par_1_9' title="bbox 750 2599 868 2647">
     <span class='ocr_line' id='line_1_37' title="bbox 750 2599 868 2647; baseline -0.008 0"><span class='ocrx_word' id='word_1_236' title='bbox 750 2599 868 2647; x_wconf 61' lang='grc' dir='ltr'>ΜΞ</span> 
     </span>
    </p>
   </div>
   <div class='ocr_carea' id='block_1_10' title="bbox 127 2718 1525 2871">
    <p class='ocr_par' dir='ltr' id='par_1_10' title="bbox 127 2718 1525 2871">
     <span class='ocr_line' id='line_1_38' title="bbox 170 2718 1523 2780; baseline -0.004 -13"><span class='ocrx_word' id='word_1_237' title='bbox 170 2735 206 2774; x_wconf 85' lang='lat'>2)</span> <span class='ocrx_word' id='word_1_238' title='bbox 234 2730 302 2766; x_wconf 84' lang='grc' dir='ltr'>ΜΓ.</span> <span class='ocrx_word' id='word_1_239' title='bbox 334 2729 563 2778; x_wconf 74' lang='lat' dir='ltr'>sanguinibus</span> <span class='ocrx_word' id='word_1_240' title='bbox 592 2729 743 2777; x_wconf 39' lang='lat' dir='ltr'>adeptis.</span> <span class='ocrx_word' id='word_1_241' title='bbox 809 2732 849 2780; x_wconf 82' lang='grc' dir='ltr'>ι)</span> <span class='ocrx_word' id='word_1_242' title='bbox 875 2729 943 2766; x_wconf 84' lang='grc' dir='ltr'>ΜΓ.</span> <span class='ocrx_word' id='word_1_243' title='bbox 982 2729 1208 2765; x_wconf 71' lang='lat' dir='ltr'>humectatus</span> <span class='ocrx_word' id='word_1_244' title='bbox 1246 2725 1316 2762; x_wconf 78' lang='lat' dir='ltr'>sese</span> <span class='ocrx_word' id='word_1_245' title='bbox 1348 2718 1523 2762; x_wconf 71' lang='lat' dir='ltr'>oculares.</span> 
     </span>
     <span class='ocr_line' id='line_1_39' title="bbox 127 2773 1525 2824; baseline -0.002 -14"><span class='ocrx_word' id='word_1_246' title='bbox 127 2778 179 2811; x_wconf 78' lang='lat' dir='ltr'>al.</span> <span class='ocrx_word' id='word_1_247' title='bbox 222 2776 409 2821; x_wconf 62' lang='lat' dir='ltr'>humecta,</span> <span class='ocrx_word' id='word_1_248' title='bbox 470 2775 575 2811; x_wconf 70' lang='lat' dir='ltr'>luffes</span> <span class='ocrx_word' id='word_1_249' title='bbox 604 2777 794 2813; x_wconf 67' lang='lat' dir='ltr'>ioculares.</span> <span class='ocrx_word' id='word_1_250' title='bbox 867 2782 905 2824; x_wconf 79' lang='lat'>2)</span> <span class='ocrx_word' id='word_1_251' title='bbox 937 2778 987 2811; x_wconf 79' lang='lat' dir='ltr'>al.</span> <span class='ocrx_word' id='word_1_252' title='bbox 1025 2786 1187 2824; x_wconf 75' lang='lat' dir='ltr'>tempore</span> <span class='ocrx_word' id='word_1_253' title='bbox 1227 2774 1380 2809; x_wconf 66' lang='lat' dir='ltr'>febrium</span> <span class='ocrx_word' id='word_1_254' title='bbox 1417 2773 1525 2808; x_wconf 59' lang='lat' dir='ltr'>erese.</span> 
     </span>
     <span class='ocr_line' id='line_1_40' title="bbox 127 2821 764 2871; baseline -0.003 -14"><span class='ocrx_word' id='word_1_255' title='bbox 127 2821 194 2858; x_wconf 75' lang='lat' dir='ltr'>Ms.</span> <span class='ocrx_word' id='word_1_256' title='bbox 224 2833 348 2871; x_wconf 81' lang='lat' dir='ltr'>tepore</span> <span class='ocrx_word' id='word_1_257' title='bbox 375 2823 528 2858; x_wconf 63' lang='lat' dir='ltr'>febrium</span> <span class='ocrx_word' id='word_1_258' title='bbox 555 2824 764 2863; x_wconf 63' lang='lat' dir='ltr'>arescentes.</span> 
     </span>
    </p>
   </div>
  </div>
 </body>
</html>
