1727 3144
224 184 324 235 540
464 197 737 229 AMMlAm
772 197 1162 231 MARCELLINI
1213 200 1352 246 xxm,
1395 188 1441 231 6.

224 321 302 357 tos
322 307 582 371 existimes,
616 327 729 356 cum
750 308 841 356 [int
862 309 1085 357 acerrimi
1107 309 1368 358 bellatores
1387 328 1397 356 :
1428 307 1512 356 sed
1531 326 1631 356 ma-

225 377 299 443 gis
345 379 576 440 artifices,
627 396 772 443 quam
810 378 986 440 fortes,
1037 379 1322 444 eminusque
1360 377 1632 426 terribiles·

227 446 526 495 abundantes
549 447 774 494 inanibus
793 448 951 495 verbis
966 485 979 509 ,
1026 446 1354 525 insanumque
1372 447 1631 512 loquentes

231 529 279 563 et
299 516 487 563 ferum:
516 515 807 580 magnidici,
843 530 890 564 et
912 535 1105 581 graves»,
1136 535 1190 564 ae
1218 517 1384 576 taetri,
1415 516 1630 564 minaces

227 584 361 632 iuxta
379 585 431 631 in
449 583 657 632 advertis
676 585 820 632 rebus
846 599 894 633 et
923 585 1194 650 prosperis,
1234 583 1632 648 eallidi,supe1-

229 652 309 714 ΒΞ,
338 652 560 701 crudeles
579 655 705 702 vitae
733 654 962 719 necisque
996 655 1281 719 potestatem
1312 655 1364 701 in
1391 652 1556 701 servos
1584 664 1633 698 et

228 722 450 786 plebeios
481 721 781 770 vindicantes
820 723 1067 771 obscuros.
1148 724 1295 771 Cutes
1324 722 1450 771 vivis
1478 720 1637 771 homi-

227 791 375 839 nibus
395 790 657 840 detrahunt
678 791 1002 855 particulatim
1023 793 1100 839 vel
1128 791 1334 839 solidas:
1372 809 1462 839 nec
1492 789 1636 837 mini-

228 858 393 907 stranti
412 859 544 925 apud
573 878 656 908 eos
682 861 867 908 famulo
893 859 1182 937 mensaeque
1216 860 1418 907 adstanti
1444 858 1633 906 hilceie

232 929 311 975 vel
327 929 467 994 loqui
487 930 625 989 licet,
657 929 735 976 vel
751 928 949 992 spuere:
982 930 1049 976 ita
1069 931 1132 993 ⁴⁴)
1151 928 1397 994 p1olt1at1s
1421 927 1634 992 pellibus

158 996 364 1044 axlab1a
385 997 604 1045 omnium
624 996 916 1054 vinciuntui.
989 997 1144 1061 Leges
1169 995 1303 1061 apud
1333 1015 1415 1044 eos
1441 997 1633 1060 impen-

230 1065 316 1112 dio
338 1065 417 1111 foi
420 1065 657 1112 nudatae
679 1064 805 1110 inter
827 1082 944 1126 quas
980 1063 1172 1113 diritate
1201 1065 1486 1130 exsupeiant
1510 1066 1635 1113 latae

227 1146 399 1180 contra
439 1133 678 1197 ingratos,
732 1145 790 1190 >et
825 1131 1120 1181 desertores:
1180 1147 1235 1181 et·
1275 1132 1637 1181 abominandae

227 1200 373 1262 aliae,
402 1219 490 1266 per
513 1219 631 1264 quas
652 1201 715 1247 ob
739 1218 912 1248 noxam
933 1201 1078 1248 unius
1107 1202 1264 1248 onmis
1293 1204 1636 1268 propinquitas

157 1278 215 1321 82
232 1270 373 1335 perit.
453 1269 538 1323 Ad,
564 1268 885 1317 iudicandum
916 1283 1080 1317 autem
1109 1270 1198 1317 usu
1236 1287 1395 1318 rerum
1435 1270 1637 1334 spectati

231 1338 529 1386 destinantur
550 1351 598 1385 et
628 1338 829 1402 integri,
865 1356 1040 1402 parum
1068 1339 1234 1387 alienis
1267 1338 1479 1387 consiliis
1509 1337 1639 1386 indi-

231 1422 421 1472 gentes:
457 1406 588 1453 uude
608 1406 820 1455 nostram
845 1406 1248 1456 consuetudinem
1277 1407 1462 1467 rident,
1507 1425 1636 1472 qnae

230 1475 479 1523 interdum
520 1475 788 1538 facundos,
846 1477 1065 1543 iurisque
1101 1477 1288 1544 publici
1326 1476 1635 1542 peritiffimos

228 1545 338 1609 post
357 1544 671 1592 indoctorum
691 1547 900 1594 collocat
921 1561 1067 1612 terga.
1149 1547 1276 1595 Nam
1308 1545 1443 1611 quod
1470 1544 1637 1608 super-

231 1613 386 1661 fidere
415 1614 553 1662 corio
588 1613 803 1662 damuati
831 1616 897 1663 ob
927 1615 1236 1681 iniquitatem
1265 1615 1445 1662 iudicis
1485 1612 1636 1662 iudex

233 1682 352 1729 alius
375 1683 664 1745 cogebatur,
693 1697 776 1730 aut
791 1685 932 1731 finxit
951 1685 1172 1745 vetustas,
1199 1699 1279 1731 aut
1299 1684 1417 1732 olim
1439 1696 1636 1748 recepta

157 1753 216 1798 85
234 1750 535 1797 consuetudo
562 1751 769 1800 cess'avit.
850 1750 1060 1801 Militari.
1090 1755 1225 1801 cultu
1269 1772 1322 1801 ae
1362 1751 1637 1818 disciplina,

232 1818 572 1883 proludiisque
609 1821 855 1868 continuis
893 1823 964 1870 rei
997 1821 1239 1870 castrensis
1270 1837 1318 1870 et
1346 1836 1636 1883 armaturae,

234 1905 381 1952 quam
401 1886 538 1951 saepe
563 1889 907 1951 formavimus,
956 1891 1208 1938 metuendi
1236 1893 1313 1939 vel
1339 1891 1639 1938 exercitibus

231 1955 477 2003 maximis:
514 1956 752 2019 equitatus
780 1958 956 2005 virtute
978 1959 1170 2018 confisi,
1201 1959 1288 2005 ubi
1319 1957 1523 2005 desudat
1549 1976 1640 2006 no-

233 2024 398 2071 bilitas
420 2023 579 2070 omnis
605 2037 652 2072 et
670 2022 921 2087 splendor.·
987 2025 1182 2073 Pedites
1203 2026 1333 2073 enim
1351 2026 1404 2073 in
1422 2025 1638 2091 speeiem.

231 2092 587 2140 mirmillonum
639 2093 877 2154 contecti,
930 2093 1047 2140 inss'a
1086 2094 1274 2141 faciunt
1315 2110 1371 2142 ut
1421 2097 1635 2144 calones.

229 2161 563 2226 Sequiturque
592 2159 781 2225 semper
811 2161 932 2209 haee
968 2163 1111 2209 turha
1152 2177 1402 2229 tamquam
1442 2164 1638 2213 addicta

229 2231 438 2294 perenni
455 2229 678 2290 [εινίῑίο,
712 2248 800 2278 nec
820 2230 1074 2294 ltipendiis
1096 2232 1360 2297 aliquando
1390 2234 1512 2281 fulta
1544 2235 1636 2282 nec

235 2298 393 2346 donis.
492 2298 555 2345 Et
601 2266 764 2363 geiites
817 2300 1075 2362 plurimas,
1121 2316 1313 2365 praeter
1353 2320 1465 2379 eas,
1517 2321 1637 2368 quas

234 2366 430 2415 abunde
453 2366 760 2432 pe1domuit,
797 2368 931 2414 sub
919 2387 1087 2432 lngnm
1117 2369 1240 2418 haec
1268 2370 1402 2417 natio
1428 2370 1640 2433 miserat,

236 2436 301 2483 ita
331 2436 484 2483 audax
511 2450 558 2483 et
584 2435 647 2483 ad
674 2437 892 2499 pulveres
921 2436 1126 2486 Martios
1162 2438 1374 2500 erudita,
1417 2440 1467 2486 ni
1494 2439 1638 2488 bellis

163 2500 219 2555 34
238 2505 463 2553 civilibus
511 2505 815 2569 externisque
870 2504 1066 2554 adliduc
1115 2522 1415 2555 vexarentur.
1481 2506 1638 2554 ‘Indu-

238 2574 412 2620 mentis
436 2574 655 2638 plerique
678 2591 847 2621 eorum·
875 2575 940 2622 ita
976 2577 1261 2639 operiuntur
1291 2577 1473 2624 lumine
1503 2577 1636 2624 colo-

238 2660 345 2687 rum
383 2642 681 2705 fulgentibus
727 2643 884 2705 vario,
937 2658 1014 2706 ut,
1068 2645 1185 2692 licet
1218 2645 1346 2692 linus
1388 2646 1636 2712 lateraque

281 2805 349 2850 44)
378 2805 430 2838 lta
456 2804 523 2839 ΜΓ.
555 2816 588 2840 et
617 2807 740 2853 Steph.
802 2807 853 2840 al.
881 2804 1037 2842 rostratis
1065 2803 1233 2855 pellibus.
