1727 3144
205 133 304 178 486
457 148 730 181 ΛΜΜιΑΝΙ
771 149 1158 181 :antennam
1200 152 1383 196 xxvm,
1417 138 1464 182 4.

214 273 316 301 rem
346 257 677 306 voluntarium
706 257 916 307 includit
951 273 1007 306 ut
1045 260 1326 325 proprium,
1383 278 1473 308 nec
1511 274 1623 308 ante

214 325 316 372 eius
340 328 697 389 profectionem
720 327 940 376 absolvit.

143 392 199 434 25
316 393 460 444 Parte
493 398 584 443 alia
616 414 765 458 uxor,
805 411 858 444 ut
889 396 1205 462 proverbium
1227 397 1448 462 loquitur
1467 411 1623 459 vetu5,

217 463 439 511 eamdem
465 465 695 513 incudem
732 465 818 513 diu
863 481 1110 532 noctuque
1147 466 1428 528 tundendo,
1483 468 1626 514 mari-

215 545 320 579 tum
348 534 505 582 testari
535 535 812 599 compellit,
854 536 1051 602 hocque
1078 535 1211 583 idem
1238 549 1293 583 ut
1322 535 1463 582 faciat
1486 553 1625 596 uxor,

217 617 356 665 urget
387 605 586 652 maritus
618 605 872 652 instanter:
921 620 968 653 et
1007 605 1151 670 periti
1189 604 1306 652 iuris
1345 603 1627 652 altrinsecus

219 670 573 740 adsciscuntur,
611 693 734 722 unus
754 674 804 723 in
825 675 1083 735 cubiculo,
1124 675 1244 723 alter
1273 674 1375 721 eius
1408 675 1630 720 aemulus

217 739 269 785 in
289 741 529 804 triclinio,
566 744 884 808 repugnantia
905 744 1181 790 tractaturi:
1218 742 1493 808 iisdemque
1521 742 1631 788 suh-

218 807 440 858 seruntur
472 813 753 876 genitalium
786 814 842 878 ³⁰)
866 827 1085 863 extorum
1117 816 1406 876 interpretes
1434 825 1633 860 contro-

221 878 364 941 verst,
407 881 523 928 hinc
559 883 878 945 praefecturas
919 880 1158 946 profufius
1186 881 1445 942 largientes
1488 894 1536 927 et
1567 878 1634 926 se-

218 949 437 1010 pulturas
474 950 681 998 divitum
721 963 1082 1009 matronarum-9
1129 949 1245 996 inde
1282 948 1345 995 ad
1384 948 1633 1013 exlequias

218 1016 436 1063 virorum
487 1019 542 1080 ³¹)
573 1019 769 1066 iamiam,
815 1017 1129 1065 adventantes
1169 1017 1426 1065 necell'a‘ria
1473 1015 1634 1083 parari

220 1098 449 1147 oportere
477 1087 535 1152 ³²)
559 1088 840 1135 innuentes:
882 1101 929 1135 et
957 1086 1180 1134 testatura
1207 1121 1401 1132 ......
1435 1087 1634 1134 ancilias

218 1150 385 1217 suapte
407 1169 574 1202 natura
591 1155 764 1224 pallidi
785 1153 1016 1220 adspirati
1042 1154 1211 1220 pridie·
1233 1153 1520 1219 consumpta
1551 1155 1638 1201 de-

218 1221 384 1270 functa
408 1260 598 1272 ......
620 1244 704 1272 um
737 1225 1017 1290 Romaque:
1065 1239 1120 1272 ut
1152 1223 1345 1272 Tullius
1382 1225 1472 1271 ait:
1535 1228 1636 1272 Nec

219 1292 270 1337 in
301 1294 442 1340 rebus
491 1297 718 1346 hamanis
759 1298 1034 1359 quidquam
1077 1295 1255 1343 bonam
1291 1303 1494 1355 norunt,
1545 1294 1637 1352 nist

218 1364 666 1427 qzcocljhactaosam
678 1368 776 1426 stt,-
817 1374 864 1414 εἰ
905 1367 1090 1412 amicos
1131 1373 1390 1426 tamquam
1426 1365 1638 1425 pecudes

218 1435 601 1494 eospotffmam
621 1437 852 1497 diligunt,
886 1453 947 1481 ex
976 1434 1147 1498 quibas
1158 1436 1220 1497 se
1232 1436 1447 1497 sperant
1473 1433 1637 1481 ‘maxi-

221 1503 591 1561 mumfractccm
610 1506 698 1569 effi?
716 1513 957 1566 capturos.

147 1583 201 1626 27
321 1570 545 1636 Cumque
577 1588 802 1621 mutuum
843 1572 917 1619 illi
960 1572 1084 1635 quid
1121 1584 1320 1636 petunt,
1379 1567 1549 1617 soccos
1588 1581 1636 1615 et

220 1636 444 1687 Miconas
473 1641 665 1690 videbis
696 1656 745 1690 et
778 1641 1041 1690 Lachetas:
1094 1658 1208 1688 cum
1250 1638 1540 1702 adiguntur,
1583 1651 1638 1684 ut

221 1706 451 1770 reddant,
487 1703 552 1757 ita
573 1712 895 1759 cothurnatos
920 1724 967 1758 et
986 1709 1236 1774 turgidos,
1273 1722 1328 1755 ut
1349 1703 1636 1754 Heraclidas

217 1773 329 1823 illos
370 1777 726 1843 Cresphontem
759 1779 1117 1827 etTemenum
1146 1791 1329 1842 putess
1386 1775 1638 1824 Hactenus

222 1841 283 1890 de
303 1843 485 1892 senatu.
1631 1851 1634 1854 ⁴

146 1908 201 1951 ²8
317 1913 461 1963 Nunc
481 1914 547 1959 ad
565 1915 772 1962 otiosam
805 1917 1001 1980 plebem
1029 1915 1282 1963 veniamus
1315 1926 1363 1960 et
1393 1910 1636 1959 defidem:

220 1980 270 2026 in
295 2001 389 2045 qua
411 1983 566 2029 nitent
588 1996 642 2031 ut
663 1985 945 2030 nominibus
971 1984 1115 2030 cultis
1139 1996 1187 2029 et
1217 1981 1419 2045 quidam
1451 1980 1638 2027 calceo-

222 2068 332 2099 rum
373 2065 618 2115 expertes,
668 2050 986 2111 Ciniess'ores‚
1041 2049 1268 2105 Statarii,
1324 2048 1635 2111 Semicupae,

223 2133 270 2165 et
290 2119 538 2183 Serapilli,
571 2133 618 2170 et
639 2119 963 2168 Cicimbricus
984 2137 1097 2166 cum
1120 2117 1415 2178 Gluturino,
1447 2131 1496 2164 et
1522 2135 1636 2165 cum

224 2187 268 2237 T
275 2189 421 2246 rull-a,
453 2203 500 2236 et
523 2189 794 2238 Lucanicus
820 2205 931 2234 cum
952 2185 1171 2235 Pordaca
1193 2199 1242 2234 et
1267 2185 1452 2237 Salsula
1468 2222 1482 2247 ,
1510 2184 1638 2234 fimi-

152 2256 390 2320 291esque
411 2258 672 2306 innumeri.
749 2257 817 2305 Hi
849 2257 903 2321 ³³)
927 2274 1100 2315 omne,
1133 2254 1266 2320 quod
1291 2254 1490 2311 vivunt,
1520 2255 1636 2302 vino

225 2340 273 2374 et
295 2326 475 2375 tess'eris
494 2326 809 2393 impendunt,
849 2340 896 2373 et
915 2326 1098 2388 lustris,
1135 2340 1182 2372 et
1206 2324 1555 2388 voluptatibuQ
1591 2336 1640 2370 et

223 2393 539 2457 spectaculis:
583 2397 749 2461 eisque
787 2396 1053 2459 templum,
1102 2408 1149 2441 et
1181 2392 1540 2451 habitaculum,
1591 2405 1639 2438 et

228 2465 286 2529 34)
328 2465 530 2527 concio,
585 2479 632 2514 et
685 2464 964 2530 cupitorum
1004 2462 1112 2530 spes
1153 2460 1312 2512 omnis
1357 2461 1527 2509 Circus
1572 2458 1639 2508 est

273 2629 340 2670 50)
370 2628 436 2665 ΜΓ.
465 2629 642 2664 extormth
693 2655 702 2664 .
724 2655 732 2665 .
756 2655 764 2664 .
787 2656 795 2664 .
816 2639 1001 2678 terpretes.
1080 2630 1141 2672 5¹)
1167 2627 1234 2663 Ms.
1267 2626 1360 2661 fama
1392 2626 1638 2660 adventantes.

227 2680 286 2715 32)
314 2675 378 2710 ΜΓ.
402 2676 590 2710 innuentes
613 2686 646 2709 et
668 2674 832 2712 testatura
852 2701 1054 2710 .......
1077 2674 1225 2709 ancillas
1261 2683 1490 2719 captenatuia
1512 2670 1641 2719 pallidi

229 2720 268 2755 al'
294 2721 370 2754 irati
409 2721 530 2768 pridie
575 2720 758 2756 consumta
793 2723 963 2758 defuncta
985 2745 1276 2755 ..........
1308 2732 1368 2752 um
1401 2731 1572 2765 romaque
1601 2727 1641 2752 ut

230 2766 263 2800 ul
285 2768 336 2799 ius
358 2767 418 2801 ait.
469 2774 529 2813 53)
557 2767 624 2802 ΜΓ.
654 2781 771 2802 omne.
822 2772 882 2815 54)
907 2767 976 2804 MI.
1006 2769 1136 2802 concio
1163 2777 1199 2801 et
1228 2767 1432 2814 copitorum
1459 2775 1494 2800 et
1518 2763 1612 2812 spes·
