1727 3144
207 124 303 169 558
442 137 713 170 „annuam
756 135 1151 167 manentum
1198 129 1319 180 xxx,
1369 135 1412 164 1.

142 247 308 297 151100
340 246 465 296 casu.
548 246 724 295 Viator
763 244 962 310 quidam
1006 243 1068 293 ad
1106 244 1332 297 citeriora
1371 241 1614 306 festinans,

211 336 324 365 cum
353 317 542 364 bivium
575 328 758 363 armato
787 314 939 361 milite
970 312 1159 362 vidiffet
1200 313 1481 377 oppletum,
1528 327 1615 374 per

209 386 501 451 'posterulam
540 384 785 431 tramitem
820 382 1038 431 medium
1067 382 1366 449 squalentem
1398 377 1616 427 frutectis

211 469 259 504 et
279 455 495 503 sentibus
527 452 822 502 vitabundus
863 452 1125 514 excedens,
1166 452 1218 498 in
1253 449 1515 498 Armenios
1546 447 1619 493 in-

211 524 334 572 cidit
354 522 520 571 feffos:
562 536 609 570 et
638 521 813 569 ductus
842 521 905 569 ad
940 540 1130 587 regem,
1176 537 1351 568 arcano
1381 517 1617 578 sermone,

209 593 392 654 solum,
435 610 558 657 quae
581 591 783 651 viderat,
817 590 986 652 docet,
1031 609 1086 638 ac
1123 590 1356 638 retinetur
1392 588 1615 634 intactus.

140 659 193 712 ¹4
210 662 426 726 Moxque
452 675 586 709 metu
619 660 909 707 dissimulato
943 677 1091 725 eques
1120 660 1338 713 mittitur>
1369 652 1622 703 cland‘esti-
1652 671 1653 676 ¹

211 750 302 780 nus
334 732 397 778 ad
417 730 638 778 dextrum
665 729 851 778 itineris
876 730 1026 788 latus,
1067 727 1331 777 diversoria
1367 738 1619 790 paraturus

214 816 261 848 et
292 800 488 847 cibum:
532 818 631 864 quo
662 796 880 862 paulliim
905 797 1179 862 progresso,
1217 797 1266 843 in
1309 797 1502 843 laevum
1530 805 1628 839 tras·

213 885 346 918 ctum
373 869 490 915 item
523 869 642 914 alius
671 867 786 913 talia
816 867 1026 913 facturus
1051 867 1123 915 ire
1161 861 1359 914 iubetur
1391 861 1622 921 ociffime,

140 944 195 988 15
213 941 415 985 alterum
443 935 669 982 aliorsum
691 934 908 981 nesciens
936 935 1142 981 missum.
1216 933 1409 997 Quibus
1437 931 1503 977 ita
1530 929 1625 976 uti-

211 1008 322 1054 liter
344 1003 606 1063 ordinatis,
636 1019 719 1049 rex
737 1001 838 1066 ipse
860 1019 972 1049 cum
992 1001 1086 1049 suis
1112 1002 1307 1049 dumeta
1322 1039 1334 1063 ,
1376 1018 1463 1066 per
1497 1015 1622 1064 quae

212 1077 369 1129 viator
404 1085 626 1132 venerat,
672 1071 915 1134 relegens,
964 1070 1003 1132 ⁶)
1028 1089 1085 1118 eo
1122 1069 1282 1118 rursus
1311 1069 1622 1131 monstrante,

208 1162 296 1209 per
315 1140 559 1206 hispidam
584 1155 631 1188 et
651 1140 872 1187 iumento
899 1139 1072 1187 onusto
1091 1140 1308 1203 e··iguam
1329 1139 1501 1186 callem
1519 1136 1626 1202 post

209 1209 341 1276 tei-ga
366 1211 546 1258 relictis
566 1210 804 1256 militibus
828 1209 1061 1269 evolavit,
1110 1209 1195 1274 qui
1222 1208 1375 1273 captis
1405 1207 1507 1255 eius
1536 1206 1627 1253 mi-

212 1281 395 1342 nistris,
431 1278 575 1326 missis
599 1278 661 1325 ad
680 1292 864 1325 mentes
890 1277 1249 1326 observantium
1276 1276 1625 1342 praestringen-

216 1351 325 1412 das,
358 1347 489 1414 quali
510 1347 799 1396 venaticiam
821 1346 1048 1411 praedam
1074 1345 1226 1394 modo
1256 1364 1356 1394 non
1385 1344 1625 1410 porrectis

210 1423 252 1485 ⁷)
272 1417 485 1468 brachiis
538 1416 891 1481 exspectabant.
993 1417 1227 1480 Dumque
1273 1415 1327 1463 hi
1365 1429 1627 1463 venturum

215 1488 560 1555 opperiuntur,
626 1486 709 1533 ille
750 1503 902 1549 regno
945 1484 1206 1533 incolumis
1252 1484 1520 1549 restitutus,
1577 1495 1626 1530 et

210 1577 323 1605 cum
350 1555 528 1621 gaudio
552 1554 865 1620 popularium
883 1552 1072 1603 summo
1097 1554 1363 1617 susceptus,
1399 1554 1450 1601 in
1474 1553 1510 1618 ⁸)
1525 1551 1625 1600 fide

211 1627 385 1675 manlit
404 1625 700 1686 immobilis,
739 1623 956 1687 iniuriis,
994 1642 1113 1689 quas
1145 1624 1433 1688 pertulerat,
1472 1620 1628 1670 omni-

214 1697 306 1743 bus
330 1694 624 1742 demuss'atis.

143 1767 195 1809 16
315 1765 551 1812 Danielus
601 1762 709 1827 post
751 1762 867 1810 haec
914 1774 962 1809 et
1000 1760 1326 1821 Barzimeres,
1380 1777 1494 1806 cum
1533 1756 1627 1806 lufi

211 1834 407 1881 iamiam
451 1831 774 1892 revertiss'ent3
835 1829 1082 1895 probrofis
1127 1829 1325 1878 lacerati
1371 1828 1625 1890 conviciis,

214 1920 268 1949 ac
289 1902 325 1947 fi
344 1901 521 1948 inertes
546 1915 593 1948 et
617 1900 820 1960 desides,
856 1913 912 1946 ut
937 1899 1192 1948 hebetatae
1222 1900 1381 1963 primo
1403 1897 1628 1964 adpetitu

190 1982 473 2019 >venenatae
494 1967 763 2032 serpentes,
800 1986 885 2014 ora
910 1985 1143 2017 exacuere
1165 1969 1353 2032 letalia,
1385 1987 1498 2020 cum
1529 1969 1626 2032 pri-

213 2054 352 2087 mum·
382 2035 667 2102 potuiss'ent‚
709 2034 871 2100 elapso
904 2053 995 2098 pro
1027 2038 1205 2084 virium
1230 2038 1373 2102 copia
1393 2038 1624 2088 nocituri.

136 2115 196 2159 117
216 2109 278 2156 Et
297 2106 513 2154 leniendi
532 2103 670 2152 causa
690 2102 859 2168 flagitii
880 2102 977 2164 sui,
1009 2105 1087 2152 vel
1112 2106 1321 2169 fraudis,
1357 2127 1504 2173 quam
1529 2126 1626 2157 me·

214 2179 338 2225 liorc
368 2174 569 2223 confilio
602 2175 933 2237 pertulerunt,
976 2172 1107 2236 apud
1140 2175 1456 2240 Imperatoris
1488 2196 1626 2228 aures

215 2263 467 2295 rumorum
495 2242 715 2290 omnium
737 2240 1052 2291 tenacissimas
1074 2243 1371 2296 inceffebant
1390 2244 1516 2296 fa'lfis
1538 2249 1629 2297 cri-

215 2315 432 2363 minibus
458 2313 656 2372 Param,
707 2312 1009 2359 incentiones
1049 2313 1244 2362 Circeas
1287 2315 1337 2362 in
1361 2318 1627 2374 ⁴vertendis

217 2382 631 2446 debilitandisque
655 2380 944 2446 corporibus
967 2381 1102 2428 miris
1128 2383 1287 2431 modis
1314 2375 1425 2434 eum
1451 2389 1623 2436 callere

213 2455 479 2515 fingentes:
519 2450 873 2515 addentesque,
934 2450 1071 2514 quod
1106 2451 1413 2502 huiusmodi-
1439 2458 1622 2506 artibus

217 2521 365 2569 offusa
413 2518 504 2568 fibi
556 2519 762 2584 caligine
816 2532 1052 2582 mutatus,
1097 2521 1418 2591 vasorumque
1460 2526 1622 2577 forma

263 2707 306 2751 a).
334 2708 382 2739 as.
415 2720 457 2739 «ο
494 2705 582 2754 ipso.
635 2707 674 2752 7)
700 2705 768 2741 ΜΓ.
804 2696 974 2741 tractim.
1025 2708 1068 2754 3)
1095 2707 1164 2743 ΜΓ.
1194 2707 1371 2743 fiderandi
1400 2713 1622 2750 nemausum

261 2778 267 2784 .
295 2778 302 2783 .
335 2753 417 2785 mob
424 2752 479 2786 ills
486 2778 492 2786 .
