1727 3144
308 170 739 204 consa-Annus
778 147 1146 202 -EroALLus
1220 156 1338 204 555.
1483 173 1538 206 ιι

140 293 332 345 tempus
359 297 423 329 ex
449 295 633 346 pactoz·
664 278 810 346 atque
829 281 891 328 'ut
918 278 976 328 fit
1005 278 1190 344 species
1225 280 1569 344 matrimonii,·

142 348 272 398 dotis
301 350 509 398 nomine·
532 351 695 398 futura
725 350 943 398 coniunx
975 348 1159 398 hastam
1192 361 1239 395 et
1260 349 1544 397 tabernacu-

138 417 244 466 lum
261 420 403 467 offert
422 420 623 480 marito,
660 419 767 484 post
783 419 958 467 statum
990 417 1149 477 diem,
1185 415 1222 464 fi
1241 416 1295 464 id
1326 418 1543 480 elegerit,

141 486 426 536 discessura:
462 503 510 536 et
531 488 821 536 incredibile
844 486 935 551 est,
977 504 1078 552 quo
1098 485 1274 534 ardore
1295 485 1429 551 apud
1459 503 1543 535 eos

138 555 192 603 in
225 575 448 605 venerem
488 571 694 623 uterque
734 555 938 605 solvitur
974 554 1130 604 sexus.
1232 555 1307 602 Ita
1352 563 1580 616 autem,5

141 625 309 690 quoad
339 625 570 689 vixerint,
610 627 706 674 late
731 627 984 690 palantur,
1029 638 1083 672 ut
1111 624 1227 673 alibi
1255 622 1432 671 mulier
1458 643 1548 672 nu-

138 693 250 755 bat,
283 695 333 741 in
352 696 464 743 loco
485 695 644 759 pariat
675 695 796 757 ali-o,
836 693 1321 758 liberosqueprocul
1352 690 1544 754 educat,

139 764 274 811 nulla
302 764 445 829 copia
467 763 757 829 ‘quiescendi
787 762 1028 828 permiffa.
1107 762 1283 812 Victus
1309 761 1584 810 univerfisG

140 849 256 880 caro
289 833 444 881 ferina
474 833 567 894 est,
600 826 1126 899 lactisqueabundans
1157 830 1303 895 copia
1333 849 1428 897 qua
1448 829 1547 879 sus-

141 913 412 964 tentantur,
454 916 501 950 et
530 902 714 950 herbae
744 900 1070 967 multiplices,
1121 914 1170 948 et
1203 898 1240 947 fi
1262 917 1386 966 quae
1409 900 1546 948 alites

140 970 251 1034 capi
285 989 371 1035 per
403 972 669 1037 aucupium
699 971 903 1037 poffint3
945 984 993 1018 et
1023 968 1285 1035 plerosque
1314 986 1402 1017 nos
1425 968 1548 1016 vidi-

139 1056 249 1085 mus
269 1041 501 1089 frumenti
511 1040 650 1089 usum
663 1040 822 1089 etvini
842 1039 1034 1105 penitus
1055 1039 1348 1103 ignorantes.
1420 1037 1584 1098 Hac-7

141 1120 283 1156 tenus
317 1109 377 1157 de
403 1108 921 1177 nationeperniciosa:
955 1127 1086 1158 nunc
1119 1107 1183 1156 ad
1212 1121 1406 1157 textum
1433 1124 1548 1172 pro-

140 1176 355 1241 pofitum
377 1195 691 1229 revertamur.
1024 1233 1031 1236 ,
1101 1180 1104 1181 ’

243 1248 306 1295 V.
343 1249 478 1296 Dum
504 1250 627 1299 haec
656 1249 708 1297 in
740 1249 945 1298 Oriente
964 1255 1195 1312 agunuir,
1226 1242 1423 1292 Arelate
1443 1243 1581 1291 hie-1

141 1331 274 1362 mem
294 1335 438 1381 agens
463 1319 768 1365 Constantius
782 1354 794 1377 ,
824 1318 932 1380 post
956 1316 1214 1363 theatrales
1235 1312 1379 1361 ludos
1399 1326 1547 1376 atque

142 1383 382 1432 circenses
403 1385 667 1437 ambitioso
688 1384 847 1432 editos
872 1383 1132 1449 adparatu,
1169 1382 1249 1430 die
1279 1381 1415 1430 sexto
1436 1380 1548 1428 idus

145 1451 418 1514 Octobres,
473 1454 558 1519 qui
587 1454 794 1518 imperii
836 1453 938 1501 eius
974 1463 1155 1500 annum
1184 1453 1221 1517 ¹)
1252 1449 1549 1498 tricelimum

140 1523 459 1583 terminabat,
492 1524 533 1587 ²)
565 1520 851 1570 insolentiae
880 1519 1101 1585 pondera
1131 1519 1321 1583 gravius
1347 1518 1616 1579 librans,-

139 1590 177 1636 li
196 1590 318 1654 quid
340 1591 547 1638 dubium
569 1590 882 1657 deferebatur
901 1602 987 1636 aut
1001 1586 1173 1635 falsum
1187 1624 1201 1647 ,
1237 1604 1327 1651 pro
1354 1585 1548 1651 liquido

140 1659 384 1724 accipiens
428 1674 476 1707 et
513 1673 796 1724 comperto,
850 1657 979 1705 inter
1017 1655 1110 1704 alia
1149 1654 1551 1703 excarnificatum

141 1728 439 1776 Gerontium
448 1728 486 1794 ³)
505 1727 879 1793 Magnentianae
899 1725 1146 1785 Comitem
1166 1724 1317 1789 partis
1330 1761 1342 1785 ,
1373 1722 1550 1772 exsula-

141 1799 184 1844 ri
194 1814 414 1845 maerore
425 1797 665 1845 multavit.
735 1796 904 1862 thue
926 1813 1125 1859 aegrum
1145 1811 1325 1858 corpus
1345 1792 1591 1859 quass'ariz

143 1866 292 1913 etiam
318 1866 510 1914 levibus
539 1865 663 1914 solet
693 1864 909 1926 offenfis,
941 1865 1021 1912 ‘ita
1051 1863 1240 1911 animus
1272 1862 1376 1910 eius
1406 1880 1554 1926 angu-

143 1934 240 1982 stus
262 1949 496 1998 ettener,
530 1934 778 2000 quidquid
795 1933 1133 2001 increpuisset,
1169 1931 1230 1979 ad
1255 1930 1416 1979 salutis
1437 1930 1551 1978 suae

143 2002 460 2068 dispendium
491 2004 762 2053 existimans
789 2003 974 2051 factum
1003 2016 1084 2049 aut
1120 2001 1384 2065 cogitatum
1404 2037 1417 2061 ,
1479 2000 1552 2046 iu-

141 2071 356 2122 sontium
393 2072 627 2122 eaedibus
665 2073 784 2121 fecit
825 2072 1083 2122 victoriam
1115 2068 1401 2118 luctuosam.
1493 2068 1590 2116 Si3

145 2142 255 2207 quis
276 2142 407 2189 enim
428 2142 818 2213 Militariurqvel
836 2141 1222 2197 honoratorum,
1268 2153 1351 2186 aut
1371 2136 1552 2186 nobilis

144 2210 273 2259 inter
303 2210 441 2271 suos,
484 2227 679 2259 rumore
713 2225 854 2261 tenus
886 2209 999 2259 effet
1040 2208 1340 2256 insimulatus
1384 2204 1555 2254 foviss'e

146 2293 309 2344 partes
328 2280 551 2342 hostiles,
577 2281 760 2329 iniecto
782 2297 930 2329 onere
956 2293 1236 2327 catenarum
1266 2277 1319 2323 in
1347 2274 1554 2323 modum

146 2348 340 2396 belluae
370 2349 676 2396 trahebatur:
716 2364 763 2397 et
791 2348 995 2397 inimico
1035 2360 1236 2412 urgente
1276 2345 1353 2392 vel
1398 2343 1557 2404 nullo,-

151 2415 287 2480 quafi
304 2416 571 2466 sufficiente
590 2418 687 2466 hoe
706 2417 809 2466 solo
833 2417 970 2484 quod
991 2417 1267 2466 nominatus
1291 2412 1428 2473 elset,
1471 2425 1554 2458 aut

153 2485 340 2534 delatus
354 2523 368 2548 ,
397 2501 479 2534 aut
498 2487 785 2550 postulatus,
819 2487 976 2552 capite
996 2485 1073 2534 vel
1095 2482 1382 2531 multatione
1400 2482 1554 2530 bono·-

155 2573 263 2602 rum
276 2593 290 2618 ,
322 2569 404 2602 aut
422 2555 619 2604 insulari
638 2555 899 2605 solitudine
921 2552 1256 2604 damnabatur.

519 2700 745 2710 —n———m

205 2783 237 2826 ι)
265 2782 332 2816 ΜΓ.
359 2782 610 2821 tricensimum.
666 2786 702 2829 2)
731 2783 799 2819 ΜΓ.
828 2782 1048 2819 insolentiae.
1100 2782 1144 2829 3)
1180 2779 1526 2829 nl.‚Moguntianae.
