1727 3144
231 189 323 247 178
463 183 735 231 Aminiam
766 195 1162 228 MARCELLINI
1198 195 1308 241 iux,
1344 193 1390 225 2.
1426 181 1474 225 5.

225 308 446 359 cadentia
483 305 783 356 denlitatem.
875 304 977 354 Tot
1005 304 1136 352 enini
1164 302 1253 351 nos
1290 303 1642 367 circumstanti-X

226 381 320 429 bus
352 377 517 439 malis,
555 395 656 424 non
688 375 983 423 obtinendae
1023 372 1163 421 causa
1199 371 1388 435 salutis,
1431 387 1487 421 ut
1517 373 1637 434 dixi,

227 447 314 498 sed
335 448 528 495 fortiter
559 444 804 493 moriendi
831 443 991 492 studio
1021 442 1366 506 flagi-absimus:
1410 457 1459 491 et
1479 461 1504 490 a
1537 441 1646 504 diei>

229 516 478 583 principio
497 514 713 580 adusque
733 515 895 561 lucem
919 509 1171 560 obscuram
1197 511 1426 559 neutrubi
1446 511 1638 576 proelio

231 586 491 646 inclinato,
541 584 753 631 ferocius
807 601 953 648 quam
998 580 1266 629 consultius
1313 581 1639 645 pugnabatur.

230 653 566 719 Exsurgebant
595 652 724 701 enim
757 646 1003 699 ruentium
1036 649 1417 714 ferientiumque
1447 649 1642 696 clamo-

231 742 335 785 res,
368 737 424 770 ut
446 740 559 787 prae
577 723 822 770 alacritate
855 719 1111 768 consistere
1140 719 1239 766 fine
1267 719 1467 766 vulnere
1498 717 1643 782 quis-

167 792 381 858 14quam
416 792 495 839 vix
526 789 686 856 poslit.
767 789 1091 853 Tandemque
1119 805 1217 835 nox
1236 789 1386 834 finem
1407 786 1642 834 caedibus

231 862 373 922 fecit,
409 874 458 908 et
479 858 615 908 satias
638 877 980 908 aerumnarum
999 856 1212 904 indutias
1233 856 1454 919 partibus
1481 854 1644 903 dede-

234 944 308 979 rat
333 929 596 993 longiores.
670 928 771 974 Ubi
804 927 934 974 enim
958 923 1241 990 quiescendi
1269 924 1413 971 nobis
1449 920 1644 988 tempus

234 1000 302 1047 est
332 998 527 1059 datum,
572 997 767 1060 exiguas
806 1012 929 1060 quac
949 995 1007 1059 ¹²)
1032 993 1315 1058 supererant
1332 993 1455 1040 vires
1476 994 1647 1040 conti-

233 1086 359 1115 nuus
387 1085 502 1113 cum
529 1064 770 1111 insomni-a
810 1064 952 1110 labor
989 1061 1252 1126 absumpsit
1270 1099 1282 1122 ,
1338 1061 1568 1126 sanguine
1597 1075 1648 1109 et

232 1137 446 1201 pallente
476 1132 822 1197 exspirantium
852 1131 975 1178 facie
1007 1144 1333 1193 perterrente,
1376 1130 1430 1192 ¹³)
1466 1131 1646 1195 quibus

232 1221 295 1252 ne
319 1202 542 1267 suprema
562 1199 765 1265 quidem
788 1197 1026 1246 humandi
1051 1197 1219 1244 solatia
1248 1199 1398 1245 tribui
1427 1198 1649 1247 sinebant

235 1271 477 1336 angustiae
514 1269 807 1334 spatiorum,
861 1267 990 1313 intra
1026 1266 1234 1314 civitatis
1271 1267 1509 1314 ambitum
1546 1285 1648 1315 non

236 1341 454 1393 nimium¹
476 1339 664 1404 amplae
702 1337 980 1401 legionibus
1018 1335 1228 1399 septem,
1248 1366 1262 1380 .
1286 1347 1333 1382 et
1371 1334 1649 1399 promiscua

239 1409 538 1458 advenarum
579 1407 862 1471 civiumque
902 1403 1045 1452 sexus
1083 1403 1337 1468 utriusque
1379 1405 1549 1468 plebe,
1601 1418 1651 1453 et

239 1478 480 1526 militibus
502 1476 606 1523 aliis
626 1475 793 1540 paucis
814 1473 1031 1538 adusque
1053 1490 1312 1520 numerum
1343 1473 1553 1520 millium
1570 1491 1648 1521 xx.

176 1547 450 1598 15concitis
491 1544 703 1592 inclusis.
813 1542 1109 1590 Medebatur
1147 1559 1262 1605 ergo
1303 1540 1399 1588 suis
1440 1543 1651 1606 quisque

242 1614 528 1664 vulneribus
558 1631 650 1676 pro
679 1609 1019 1676 possibilitate,
1062 1611 1139 1657 vel
1166 1611 1441 1657 curantium
1473 1611 1648 1675 copia:

241 1703 358 1732 cnm
379 1681 577 1747 quidam
597 1678 805 1744 graviter
826 1678 974 1725 saucii
993 1696 1168 1725 cruore
1192 1678 1424 1726 exhausto
1454 1678 1651 1744 spiritus

242 1753 532 1801 reluctantes
562 1752 803 1797 efflarent:
848 1747 930 1793 alii
953 1745 1159 1793 confoffi
1187 1748 1505 1796 mucronibus
1525 1766 1652 1813 pro—

242 1819 400 1880 strati,
435 1818 604 1865 animis
631 1818 681 1863 in
713 1830 913 1864 ventum
946 1815 1114 1863 solutis
1148 1815 1531 1879 proiieiebantur
1561 1835 1654 1864 ex·-

244 1889 430 1938 Rincti:
457 1888 738 1950 ‘aliquorum
758 1884 928 1932 foratis
948 1883 1168 1947 undique
1199 1885 1431 1932 membris
1462 1885 1652 1933 mederi

244 1956 392 2024 periti
412 1957 655 2016 vetabant,
685 1972 745 2002 ne
769 1952 1113 2001 offensionibus
1132 1952 1268 1999 cassls
1291 1953 1477 2000 animae
1502 1972 1652 2001 vexa-

246 2041 414 2076 rentur
447 2023 696 2071 adflictae:
756 2021 981 2068 nonnulli
1019 2023 1076 2085 ¹⁴)
1103 2020 1337 2068 vellendis
1378 2020 1560 2082 sagittis
1599 2024 1652 2070 iu

247 2093 451 2159 ancipiti
493 2092 743 2141 curatione
785 2090 1007 2154 graviora
1051 2104 1210 2137 morte
1251 2083 1489 2155 supplic-ia
1528 2110 1651 2156 per-

246 2164 486 2212 ferebant.
1108 2159 1111 2161 “

210 2251 230 2278 1
350 2231 446 2279 ΙΙΙ.
489 2230 622 2276 Dum
654 2226 785 2292 apud
813 2226 1046 2274 Amidam
1075 2226 1168 2273 hac
1199 2226 1410 2290 partium
1437 2225 1651 2275 destina-

247 2302 382 2349 tione
404 2312 670 2364 pugnatur,
710 2295 954 2343 Ursicinus
983 2313 1228 2356 maerens,
1262 2293 1400 2360 quod
1430 2313 1487 2342 ex
1520 2297 1651 2344 alte-

246 2371 347 2418 rius
371 2367 616 2434 pendebat
636 2366 862 2429 arbitrio,
895 2364 1194 2412 auctoritatis
1218 2379 1333 2411 tunc
1352 2364 1403 2409 in
1432 2365 1648 2428 regendo

248 2440 404 2486 milite
423 2439 459 2501 1)
488 2434 695 2500 potioris
723 2434 1066 2495 Sabinianum,
1112 2434 1257 2480 etiam
1284 2447 1388 2479 tum
1416 2430 1648 2496 sepulcris

246 2508 529 2555 haerentem
551 2504 726 2552 crebro
751 2504 1008 2562 monebat,
1044 2515 1098 2548 ut
1118 2500 1398 2566 compositis
1427 2501 1650 2548 velitari—

248 2576 341 2623 bus
373 2575 583 2635 cunctis,
627 2590 713 2637 per
743 2572 867 2619 imos
899 2571 1046 2637 pedes
1073 2572 1314 2618 montium
1335 2570 1537 2617 occultis
1558 2570 1648 2618 iti-

300 2761 366 2802 η)
390 2760 512 2805 Steph.
535 2758 760 2811 supererant.
815 2758 877 2805 13)
901 2755 968 2790 ΜΓ.
999 2755 1044 2790 de
1075 2756 1217 2804 quibus.
1289 2757 1346 2802 14)
1375 2755 1498 2802 Sccplz.
1526 2752 1643 2788 vulfiz.

261 2808 293 2851 i)
312 2806 381 2840 Ml.
409 2806 573 2853 potions.
