1727 3144
1184 7 1192 37 Ι,

184 166 278 197 202
420 166 687 198 AMMIANI
718 165 1236 213 atAPtcELL1N1XX,
1282 169 1322 197 1.
1357 166 1404 199 2⁷.

179 274 375 336 Iuliani,
408 274 460 322 in
483 274 773 334 Britanniis,
810 293 923 321 cum
949 274 1213 331 Scotorum
1228 275 1581 341 Pictorumque

182 344 398 408 gentium
426 345 634 391 ferarum
668 342 926 403 excursus,
958 357 1099 406 rupta
1135 343 1298 408 quiete
1335 345 1582 402 condicta,

178 414 289 460 loca
305 412 544 459 limitibus
573 413 732 459 vicina
755 414 789 477 ¹)
822 412 1079 472 vastarent,
1115 427 1162 459 et
1190 413 1463 477 implicaret
1484 415 1582 460 for-

179 480 316 529 mido
362 482 640 545 Provincias
680 481 1049 544 praeteritarum
1098 481 1313 528 cladium
1354 482 1582 546 congerie

179 549 344 598 scffas:
377 550 593 597 hiemem
615 568 758 613 agens
785 549 916 614 apud
941 549 1144 597 Parifios
1173 549 1368 611 Caesar,
1417 549 1585 597 distra-

179 632 384 683 ctusque
405 619 457 665 in
480 618 831 666 sollicitudines
855 619 1035 678 varias,
1083 620 1341 666 verebatur
1375 619 1445 666 ire
1477 619 1586 666 sub-

180 687 304 735 fidio
324 688 678 735 transmarinis:
716 689 790 752 (ut
812 688 1062 735 retulimus
1090 703 1198 735 ante
1222 687 1382 735 fecisse
1404 689 1444 753 ²)
1460 689 1586 736 Con·

180 756 403 821 stantem)
428 775 488 804 ne
511 771 697 803 rectore
723 774 896 804 vacuas
917 757 1214 820 relinqueret
1238 757 1437 817 Gallias,
1473 757 1587 803 Ala-

181 825 371 872 mannis
405 824 468 871 ad
499 825 745 872 saevitiam
775 826 919 872 etiam
960 840 1063 871 tum
1102 825 1313 871 incitatis
1354 839 1400 872 et
1441 825 1583 871 bella.

142 894 220 959 2³)
250 894 328 940 Ire
350 894 497 956 igitur
519 893 718 940 adhaec
738 894 924 941 ratione
946 895 1021 941 vel
1043 895 1090 940 vi
1119 892 1463 957 componenda
1493 893 1589 940 Lu-

179 962 402 1027 picinum
447 963 655 1025 placuit,
708 981 761 1009 ea
800 963 1080 1026 tempestate
1125 963 1401 1026 magistrum
1434 980 1589 1010 armo-

181 1050 317 1090 rum,
348 1031 635 1077 bellicosum
655 1029 790 1092 sane,
825 1046 872 1078 et
889 1031 1131 1077 castrensis
1150 1032 1219 1077 rei
1241 1025 1468 1094 peritum,
1504 1029 1589 1078 fed

177 1098 438 1161 supercilia
458 1099 722 1161 erigentem
745 1114 799 1145 ut
822 1117 1029 1158 cornua,
1064 1114 1109 1146 et
1132 1098 1190 1146 dc
1215 1101 1398 1163 tragico
1414 1137 1426 1161 ,
1452 1098 1603 1165 quod*

183 1167 346 1224 aiunt,
390 1167 634 1213 cothurno
658 1167 979 1231 strepentem:
1007 1166 1168 1230 ,super
1205 1187 1304 1230 quo
1331 1168 1416 1217 diu
1439 1168 1590 1216 ambi-

141 1236 414 1299 debatur,
458 1253 625 1282 avarus
662 1235 775 1282 ess‘et
803 1236 993 1300 potius,
1040 1254 1100 1281 an
1127 1236 1354 1282 crudelis.
1445 1237 1589 1284 Moto

185 1322 300 1368 ergo
339 1304 528 1350 velitari
571 1303 776 1364 auxilio,
833 1303 1028 1351 Aerulis
1070 1303 1254 1351 scilicet
1292 1318 1339 1350 et
1380 1304 1592 1363 Batavis,

181 1372 498 1436 numerisque
527 1375 567 1437 ⁴)
593 1371 950 1419 Moesiacorum
981 1371 1198 1432 duobus,
1236 1371 1400 1420 adulta
1429 1373 1591 1421 hieme

186 1441 284 1488 dux
305 1441 576 1488 antedi-ctus
601 1442 880 1489 Bononiam
911 1441 1066 1489 venit:
1108 1440 1432 1506 quaesitisque
1461 1442 1593 1490 navi-

185 1511 304 1574 giis,
351 1524 399 1557 et
436 1510 571 1556 omni
604 1509 834 1574 impolito
871 1511 1051 1571 milite,
1093 1509 1350 1559 observato
1376 1511 1493 1558 flatu
1521 1510 1595 1558 se-

182 1578 347 1625 cundo
378 1593 662 1638 ventorum,
700 1583 762 1624 ad
792 1579 1027 1643 Rutupias
1056 1578 1165 1626 fitas
1201 1598 1257 1626 ex
1287 1578 1489 1627 adverso
1513 1580 1595 1627 de-

181 1648 364 1707 fertur,
412 1647 631 1710 petitque
662 1646 695 1707 ⁵)
717 1647 1049 1694 Lundinium:
1089 1662 1144 1694 ut
1175 1648 1348 1695 exinde
1367 1648 1592 1713 suscepto

183 1733 276 1780 pro
311 1715 380 1762 rei
418 1715 648 1779 qualitate
674 1715 903 1777 confilio,
943 1716 1190 1764 festinaret
1226 1718 1362 1764 ocius
1393 1717 1456 1764 ad
1482 1735 1594 1782 pro-

185 1797 418 1830 cinctum.

148 1876 169 1902 1
284 1852 352 1899 ΙΙ.
400 1851 536 1907 Quae
567 1868 680 1896 cum
715 1851 781 1897 ita
810 1866 1067 1914 geruntur,
1120 1853 1227 1916 post
1265 1853 1478 1900 Amidae
1509 1871 1593 1918 op-

183 1920 534 1984 pugnationem
561 1919 839 1965 Urlicinum
870 1919 932 1966 ad
971 1922 1316 1968 commilitium
1356 1922 1592 1985 principis

184 2003 241 2035 ut
273 1987 492 2053 peditum
524 1987 802 2050 magistrum
841 1987 1084 2035 reversum
1128 1988 1422 2053 (succesfiffe
1463 1991 1594 2037 enim

187 2075 300 2104 cum
337 2056 622 2104 Barbationi
667 2054 1028 2120 praediximus)
1071 2057 1423 2105 obtrectatores
1470 2060 1594 2106 exci-

187 2125 351 2190 piunt:
418 2125 580 2189 primo
645 2123 1002 2172 diss‘eniinantes
1052 2125 1305 2173 mordaces
1353 2127 1592 2175 susurros:

147 2208 176 2237 2
192 2194 304 2242 dein
327 2194 580 2259 propalam
597 2195 712 2240 ficta
733 2193 936 2240 crimina
963 2194 1316 2242 subnectentes.
1400 2197 1595 2253 Quibus

188 2264 464 2328 Imperator
495 2260 744 2323 adsensus,
786 2280 841 2309 ex
880 2263 1111 2326 opinione
1141 2265 1372 2328 pleraque
1400 2268 1435 2330 ¹)
1463 2265 1597 2312 aesti-

190 2351 322 2379 mans
361 2346 407 2379 ct
434 2330 772 2378 inlidiantibus
811 2332 1002 2394 patens,
1048 2333 1372 2380 Arbetionem
1402 2348 1449 2380 et
1484 2335 1595 2381 Flo-

189 2401 402 2448 rentium
431 2400 706 2448 officiorum
735 2400 1012 2464 magistrum
1042 2401 1336 2465 quaefitores
1375 2402 1593 2464 dederat,

188 2468 516 2533 spectaturos,
574 2487 691 2534 quas
740 2469 805 2516 ob
858 2487 933 2518 res
991 2470 1231 2534 oppidum
1258 2470 1325 2527 *fit
1363 2470 1590 2518 excisum.

244 2680 275 2717 ι)
310 2676 374 2712 Ms.
410 2676 595 2712 vastarent.
661 2681 697 2719 2)
729 2675 794 2712 Ms.
834 2674 1076 2711 Constantem.
1141 2677 1184 2722 3)
1225 2673 1290 2712 Ms.
1331 2675 1381 2709 ire
1408 2675 1514 2722 igitur
1549 2674 1596 2712 ad

192 2722 284 2755 haec
320 2723 455 2757 retione
489 2723 546 2758 vel
586 2736 754 2770 compen.
816 2725 859 2769 4)
895 2725 945 2758 al.
987 2721 1224 2760 Moesicorum
1250 2722 1426 2769 pluribus.
1478 2729 1513 2764 5)
1543 2723 1594 2756 nl.

197 2768 416 2805 Lutidiuuru.
481 2771 520 2816 ι)
546 2769 610 2807 Mt.
639 2767 848 2807 aeltimasfit.

1713 1255 1727 1490 —wz-*r-x‘2
1714 1212 1716 1225 -
1714 1154 1716 1161 ἡ
1725 1097 1727 1108 „
