1727 3144
197 144 293 187 450
433 145 702 185 AMM'IANI
743 139 1440 196 31ARCE12L1N1*xxV11,S.

200 263 412 330 planavi,
450 262 513 310 ad
541 281 622 324 ea,
669 281 791 328 quae
830 261 1010 326 digesta
1047 262 1156 309 sunt
1195 259 1365 322 semel,
1423 257 1609 309 revolvi

201 333 497 398 lupeifluum
558 332 707 379 duxi:
775 346 829 379 ut
899 331 1072 396 Ulyxes
1130 332 1424 379 Home1icus
1483 328 1618 394 apud

204 404 448 451 Phaeacas
479 402 542 449 ob
574 401 908 448 difficultatem
939 401 1138 447 nimiam
1174 399 1407 464 replicare
1448 399 1616 448 formi-

171 472 195 498 Γ
167 472 305 519 dat.
386 470 517 518 Illud
547 484 707 516 tamen
735 469 941 517 sufficiet
969 469 1092 530 dici,
1140 467 1277 535 quod
1310 486 1368 516 eo
1393 482 1618 533 tempore

209 540 335 588 Picti
365 540 414 585 in
450 539 565 585 duas
596 553 758 602 gentes
793 538 956 601 divisi,
1001 537 1319 586 Dicalidonas
1356 551 1404 584 et
1438 538 1621 585 Vectu-

209 610 396 668 rienes,
441 606 712 672 itidemque
742 608 979 655 Attacotti
1001 607 1233 656 bellicosa
1257 605 1518 654 hominum
1536 622 1619 651 na-

211 679 309 738 tio,
345 691 392 724 et
419 677 599 737 Scotti,
656 695 738 740 per
770 675 956 724 diversa
988 691 1214 740 vagantes
1246 676 1396 722 multa
1420 674 1624 738 popula-

213 748 416 793 bantur:
453 746 730 793 Gallicanos
759 763 874 792 vero
907 759 1088 792 tractus
1128 744 1301 792 Franci
1330 757 1377 792 et
1407 744 1624 790 Saxones

215 815 390 862 iisdem
412 816 628 862 confines
643 851 654 873 ,
690 832 787 878 quo
810 813 1016 877 quisque
1041 831 1295 877 erumpere
1318 812 1481 876 potuit
1501 826 1628 858 terra

219 885 296 931 vel
318 884 468 943 mari,
500 881 692 944 praedis
719 883 904 928 acerbis
932 882 1296 946 incendiisque,
1337 894 1384 928 et
1412 879 1627 944 captivo-

219 971 326 999 rum
346 952 598 997 funeribus
615 954 654 1013 ⁶⁴)
679 951 939 996 hominum
962 951 1227 1015 violabant.

181 1031 209 1073 6
321 1019 402 1066 Ad
424 1020 545 1065 haec
570 1016 904 1080 prohibenda,
933 1017 967 1063 fi
990 1018 1184 1081 copiam
1208 1016 1411 1065 dediss'et
1429 1017 1628 1065 fortuna

221 1086 524 1152 prosperior,
560 1085 694 1132 orbis
716 1099 926 1132 extrema
947 1085 1043 1132 dux
1064 1085 1412 1133 efficacissimus
1438 1096 1627 1150 petens,¹

219 1175 331 1204 cum
354 1154 552 1203 veuiffet
574 1153 634 1200 ad
658 1154 911 1202 Bononiae
933 1155 1067 1201 littus
1082 1191 1094 1213 ,
1133 1154 1269 1219 quod
1289 1174 1315 1201 a
1335 1154 1489 1218 spatio
1512 1172 1629 1202 con-

220 1223 438 1272 troverso
483 1237 721 1270 terrarum
769 1224 994 1287 angustiis
1035 1223 1274 1288 reciproci
1314 1222 1631 1286 distinguitur

224 1294 368 1340 maris
387 1330 399 1354 ,
432 1293 590 1339 attolli
610 1291 870 1340 horrendis
890 1292 1096 1339 aestibus
1126 1291 1337 1352 adsueti,
1370 1291 1629 1355 rursusque

223 1361 323 1410 fine
357 1362 457 1408 ulla
483 1361 814 1425 navigantium
848 1379 973 1408 noxa
1004 1361 1055 1407 in
1080 1361 1291 1426 speciem
1327 1359 1631 1425 complanari

226 1449 540 1496 camporum:
579 1429 776 1491 exinde,
814 1445 1103 1478 tiansmeato
1138 1431 1314 1477 lentius
1348 1429 1498 1489 freto,
1550 1428 1634 1476 de·

225 1501 380 1547 fertur
409 1501 443 1565 ⁵)
470 1499 727 1563 Rutupias,
770 1499 1025 1547 stationem
1058 1518 1115 1547 ex
1161 1498 1362 1547 adverso
1398 1493 1634 1562 tranquil-

188 1570 339 1624 7la1n
432 1568 577 1616 Unde
619 1587 730 1615 cum
774 1567 1061 1633 consequuti
1102 1569 1270 1616 Batavi
1309 1567 1541 1615 veniffent
1587 1581 1635 1614 et

228 1638 392 1697 Eruli,
425 1637 651 1702 Ioviique
673 1652 719 1684 et
743 1638 994 1698 Victores,
1027 1638 1234 1685 fidentes
1258 1637 1443 1684 viribus
1466 1653 1634 1683 nume-

230 1709 299 1760 ri,
337 1706 541 1770 egress'us
570 1706 872 1774 tendensque
909 1706 971 1753 ad
991 1705 1031 1771 6)
1055 1706 1358 1754 Lundinium
1386 1719 1522 1752 vetus
1549 1722 1635 1768 op-

228 1742 427 1838 pidum,
465 1775 601 1839 quod
624 1776 885 1838 Augustam
912 1776 1162 1839 posteritas
1189 1775 1474 1840 adpellavit,
1513 1772 1636 1820 divi-

231 1843 289 1888 lis
319 1843 616 1906 plur-ifa1iam
639 1845 823 1905 globis,
863 1844 1061 1892 adortus
1083 1845 1147 1892 est
1169 1858 1393 1908 vagantes
1421 1842 1634 1890 hostium

232 1911 508 1957 vastatorias
543 1929 738 1971 manus,
798 1931 964 1975 graves
1008 1931 1156 1960 onere
1198 1913 1516 1960 sarcinarum:
1587 1923 1635 1958 et

232 1997 441 2045 propere
462 1979 604 2039 fufis,
632 1979 716 2042 qui
739 1979 924 2027 vinctos
945 1981 1169 2027 homines
1187 1981 1393 2043 agebant
1415 1993 1462 2026 et
1491 1996 1634 2042 peco-

233 2067 310 2107 ra,
359 2046 588 2111 praedam
633 2047 849 2107 excuffit,
899 2067 1044 2113 quam
1089 2049 1332 2094 tributarii
1375 2046 1633 2111 perdidere

194 2116 503 2168 8miferrimi.
588 2115 677 2162 His
718 2114 930 2181 denique
968 2116 1180 2164 restituta
1227 2116 1388 2176 omni,
1443 2129 1637 2180 praeter

233 2199 420 2249 partem
445 2185 679 2248 exiguam,
714 2184 979 2248 impensam
1000 2186 1235 2232 militibus
1254 2185 1393 2244 feffis,
1427 2184 1632 2233 mersam

236 2253 602 2302 difficultatibus
632 2252 728 2300 fuis
766 2254 968 2301 antehac
1011 2255 1283 2315 civitatem,
1333 2253 1417 2300 sed
1451 2253 1632 2312 subito,

232 2341 377 2387 quam
422 2323 544 2370 salus
585 2321 763 2386 sperari
803 2323 962 2386 potuit
1005 2338 1290 2385 recreatam,
1354 2322 1406 2369 in
1444 2321 1633 2370 ovantis

229 2391 442 2455 speciem
464 2391 738 2439 laetiss‘imus
758 2391 960 2438 introiit.

199 2494 226 2534 9
330 2461 427 2507 Ubi
449 2460 508 2507 ad
531 2459 753 2508 audenda
776 2460 956 2508 maiora
979 2460 1210 2525 prospero
1231 2457 1441 2507 succeffu
1461 2457 1630 2516 elatus,

233 2530 272 2594 ⁷)
313 2543 514 2595 tutaque
565 2528 824 2577 scrutando
876 2530 1095 2591 confina,
1151 2529 1303 2577 futuri
1352 2526 1633 2575 morabatur

231 2652 300 2660 —-—

272 2717 311 2760 4)
336 2716 405 2753 Ms.
432 2717 606 2752 omnium.
655 2718 693 2763 5)
718 2715 785 2752 Ms.
815 2715 996 2751 Itumrias.
1048 2716 1083 2757 G)
1110 2715 1160 2749 tzl.
1190 2711 1433 2748 Lundonium.
1485 2707 1528 2754 7)
1553 2701 1623 2741 Ms-

227 2770 385 2810 totaque,
