1727 3144
194 137 285 182 156
425 152 690 184 ammaim
730 151 1126 189 MARCELLINI
1157 151 1294 197 xvn,
1337 152 1412 182 12.

191 260 417 308 incubuit
446 261 615 308 terris:
652 263 736 327 qui
770 261 940 308 itinere
967 260 1189 310 festinato
1213 260 1493 325 praeventi,
1529 279 1606 317 ca->

199 339 446 393 terrasque
473 331 717 381 bellatoris
740 331 981 379 exercitus
1005 330 1183 394 iugulis
1216 329 1312 377 suis
1347 332 1603 377 imminere

197 414 471 459 cernentes,
514 414 659 463 quem
688 399 908 446 nondum
945 417 1030 463 per
1065 398 1178 447 anni
1215 413 1406 463 tempus
1438 399 1605 463 colligi

198 467 328 531 polle
363 470 615 529 rebantur,
651 487 741 515 nec
773 468 947 532 spirare
975 467 1097 529 ausi,
1134 484 1223 516 nee
1248 468 1395 528 stare,
1424 467 1510 515 sed
1540 468 1608 515 vi-

200 551 353 583 tantes
378 538 576 585 exitium
596 536 916 602 insperatum,
953 535 1104 585 semet
1126 555 1294 585 omnes
1332 537 1608 584 effuderunt

161 601 189 646 5
201 606 248 650 in
290 605 469 669 fugam.
557 607 827 672 Stratisque
873 607 1119 671 plurimis,
1176 624 1388 671 quorum
1433 603 1609 670 greffus

200 674 418 721 vinxerat
446 676 618 737 timor,
663 676 741 736 hi,
792 693 914 739 quos
959 677 1146 723 exemit·
1184 676 1400 724 celeritas
1445 673 1609 735 morti,

200 742 326 793 inter
346 744 605 791 latebrosas
632 745 875 794 convalles
905 745 1149 792 montium
1185 744 1440 804 occultati,
1477 742 1611 791 vide-

204 812 322 858 bant
360 813 562 876 patriam
593 814 722 860 ferro
756 827 1068 878 pereuntem:
1114 833 1260 878 quam
1293 811 1611 860 vindicaffent

204 886 456 942 prolecto,
498 882 532 931 fi
562 883 753 946 vigore,
797 900 895 947 quo
941 882 1273 942 discesserant,
1324 880 1610 928 restitiffent.

166 946 512 997 &Gerebantur
543 950 661 998 haec
697 951 746 997 in
780 969 834 998 ea
867 965 999 1015 parte
1033 952 1322 1011 Sarmatiae,
1381 967 1503 1015 qnae
1548 947 1613 995 se-

205 1018 414 1066 cundam
440 1019 717 1083 prospectat
737 1019 1064 1067 Pannoniam:
1099 1021 1297 1085 parique
1323 1017 1611 1065 fortitudine

210 1088 243 1149 ¹)
266 1087 391 1136 eirca
413 1088 657 1134 Valeriam
677 1090 795 1161 opes
819 1089 1120 1149 barbaricas,
1151 1089 1191 1154 ²)
1214 1087 1403 1134 urendo
1427 1087 1615 1152 rapien-

169 1153 375 1218 7doque
399 1157 730 1217 occurrentia,
763 1156 986 1204 militaris
1017 1158 1162 1204 turbo
1186 1157 1409 1204 vastabat.
1464 1155 1614 1204 Cuius

208 1222 359 1270 cladis
381 1224 700 1273 immenfitate
729 1226 966 1288 permoti,
1004 1225 1283 1289 posthabito
1316 1223 1517 1273 consilio
1551 1225 1617 1270 la*

207 1291 369 1352 tendi,
415 1294 662 1340 Sarmatae
694 1293 931 1357 petendae
961 1293 1118 1352 specie
1147 1293 1277 1356 pacis
1317 1294 1508 1356 agmine
1536 1293 1617 1339 tri-

208 1361 388 1422 pertito
410 1376 603 1426 agentes
624 1361 836 1409 securius
866 1361 1053 1410 nostros
1083 1359 1281 1425 adgredi
1315 1361 1616 1425 cogitarunt:

212 1429 247 1492 ³)
269 1444 323 1475 ut
344 1449 433 1478 nec
459 1431 687 1495 expedire
714 1431 835 1492 tela,
870 1431 1081 1483 necvim
1120 1431 1375 1478 vulnerum
1409 1430 1622 1477 declina,

213 1515 262 1544 re
279 1535 291 1558 ,
330 1517 444 1559 nec,
482 1500 618 1563 quod
639 1501 703 1547 est
725 1501 773 1546 in
796 1500 938 1548 rebus
962 1499 1199 1546 artiffimis
1219 1499 1464 1560 ultimum,
1495 1498 1620 1546 verti

172 1566 400 1628 Spoffent
431 1569 481 1613 in
514 1569 692 1631 sugam.
784 1567 1000 1615 Aderant
1030 1582 1192 1614 autem
1219 1568 1352 1614 illico
1385 1568 1618 1615 Sarmatis

211 1635 540 1697 periculorun·1
580 1634 744 1696 Quadi
774 1636 1061 1698 participes,
1103 1636 1187 1699 qui
1214 1654 1449 1683 noxarum
1478 1636 1618 1700 saepe

212 1701 334 1749 socii
353 1703 485 1750 fuera
497 1720 545 1750 nt
570 1703 842 1751 indiscreti:
878 1703 1040 1770 sedne
1061 1721 1143 1751 eos
1168 1704 1368 1768 quidem
1391 1720 1620 1771 prompta

177 1771 335 1828 9iuvit
356 1772 554 1820 audacia
571 1810 583 1832 ,
619 1773 669 1819 in
689 1772 968 1819 discrimina
991 1786 1183 1819 ruentes
1207 1787 1387 1836 aperta.
1461 1772 1619 1821 Caelis

213 1839 342 1886 cuim
382 1842 745 1904 compluribus,
802 1859 937 1905 pars,
998 1860 1119 1906 quae
1162 1842 1324 1905 potuit
1369 1841 1620 1905 superell'e,

217 1926 300 1983 per
329 1923 470 1975 notos
499 1910 647 1956 colles
680 1910 846 1956 evalit:
892 1928 991 1975 quo
1021 1924 1196 1957 eventu
1219 1909 1341 1957 vires
1364 1924 1410 1957 et
1431 1911 1618 1956 animos

219 1978 473 2038 incitante,
528 1978 704 2025 iunctis
759 1978 949 2026 densius
1001 1978 1168 2026 cuneis
1216 1978 1279 2025 ad
1326 1977 1618 2035 Quadorum

217 2063 362 2108 regna
390 2048 682 2111 properabat
703 2047 970 2094 exercitus:
1016 2047 1101 2110 qui
1129 2065 1184 2093 ex
1216 2047 1476 2111 praeterito
1507 2046 1620 2093 casu

216 2113 550 2178 impendentia
590 2114 935 2173 formidantes,
982 2117 1198 2179 rogaturi
1228 2114 1509 2180 suppliciter
1541 2135 1620 2180 pa-

216 2201 321 2229 cem
339 2221 351 2245 ,
376 2183 580 2232 fidentes
603 2184 663 2231 ad
691 2184 921 2248 principis
944 2202 1116 2232 venere
1137 2184 1448 2247 conspectum
1464 2221 1476 2244 ,
1512 2203 1620 2248 erga

218 2251 341 2300 haec
382 2267 429 2301 et
468 2252 638 2301 similia
675 2253 901 2299 lenioris:
955 2251 1187 2317 dictoque
1239 2253 1317 2300 die
1356 2253 1620 2300 statuendis

217 2320 612 2382 conditionibus,
647 2323 687 2386 ⁴)
710 2321 867 2367 Zizais
901 2339 1098 2385 quoque
1127 2322 1268 2368 etiam
1298 2336 1400 2368 tum
1432 2322 1621 2384 regalis,

218 2388 352 2437 hand
381 2391 516 2455 parvi
549 2391 767 2454 corporis
797 2390 1014 2450 iuvenis,
1059 2389 1252 2438 ordines
1293 2391 1616 2437 Sarmatarum

222 2477 358 2506 inore
390 2460 666 2506 certaminis
702 2459 920 2506 instruxit
949 2457 1011 2504 ad
1052 2477 1241 2522 preces:
1294 2457 1492 2521 visoque
1525 2458 1621 2504 Im-

226 2542 445 2589 peratore
470 2529 668 2577 abicctis
693 2528 832 2575 arinis
858 2541 1054 2593 pectore
1076 2542 1180 2575 toto
1219 2528 1479 2592 procubuit
1512 2544 1621 2572 exa-

277 2713 308 2751 1)
335 2711 401 2745 Ms.
442 2726 522 2747 cum
562 2713 756 2755 Valeriam.
816 2711 857 2748 23
896 2711 941 2748 al.
975 2709 1136 2748 ferendo.
1197 2713 1233 2758 5)
1270 2712 1315 2746 rt}
1351 2721 1390 2744 ιιε
1415 2708 1484 2746 Ms.
1510 2707 1619 2744 deest.

226 2755 261 2799 ,ᾗ
292 2757 414 2804 Sit-pli.
442 2760 553 2794 modo
579 2760 695 2795 Zizais
723 2770 881 2808 quoque.
