1727 3144
513 148 995 191 constan-rius„
1035 132 1150 180 555.
1472 138 1535 200 57

131 274 227 306 non
257 265 452 304 tantum
479 257 828 324 habetsenfitm
839 295 856 317 ‚
902 270 1142 325 quantam
1171 275 1282 307 cum
1305 277 1367 306 ex
1369 264 1539 324 saevis

130 337 179 374 et
195 329 408 390 perditis
435 328 576 374 rebus
607 332 680 376 ad
708 333 958 378 meliorem
973 331 1168 392 statum
1194 332 1403 390 fortana
1447 350 1536 378 re·-

128 406 351 446 vocatur.

230 465 591 513 Festinabamus
618 466 784 529 itaque
815 464 1072 514 itineribus
1101 466 1314 530 magnis,
1343 479 1399 513 ut
1421 472 1607 527 anzi-24

123 531 331 582 bitiosus
352 534 573 598 magister
596 552 870 596 armorum,
904 549 1014 584 ante
1037 534 1287 600 adlapsum
1309 553 1398 599 per
1425 536 1536 582 Ita-—

123 601 247 650 licos
290 602 350 651 de
395 602 648 669 tyrannide
683 603 838 650 ullum
869 617 1155 665 rumorem,
1207 604 1258 652 in
1302 603 1535 669 suspectis

123 672 307 720 finibus
329 671 599 737 adpareret.
670 672 856 720 Verum
889 673 1065 721 curfim
1098 691 1187 721 nos
1214 688 1534 738 properantes

124 741 257 788 aeria
307 740 550 807 quaedam
600 741 879 788 antevolans
929 742 1216 806 prodiderat
1274 743 1429 791 fama:
1487 756 1536 790 et

123 809 450 875 Agrippinam
471 810 662 874 ingreffi
684 809 958 858 invenimus
975 826 1147 859 cuncta
1169 811 1341 860 nostris
1372 830 1533 860 cona-

121 879 255 926 tibus
277 879 466 927 altiora.
546 879 773 945 Namque
800 897 1020 928 convena
1048 880 1270 945 undique
1298 882 1531 928 multitu-
1543 881 1601 925 25

123 946 239 997 dine
274 947 465 1014 trepide
504 963 679 1015 coepta
727 948 990 1008 fundante,
1047 950 1330 1015 coactisque
1373 951 1533 1015 copiis

119 1017 313 1064 multis:
347 1036 437 1082 pro
460 1018 583 1066 statu
609 1019 677 1067 rei
702 1016 965 1083 praesentis
986 1019 1039 1066 id
1065 1020 1224 1084 aptius
1254 1018 1531 1081 videbatur,

119 1099 176 1132 ut
205 1085 267 1133 ad
301 1089 618 1152 Imperatoris
648 1087 855 1149 novelli,
898 1106 987 1153 per
1013 1087 1284 1136 ludibriosa
1317 1087 1532 1153 auspicia

118 1155 297 1203 virium
318 1156 505 1205 accessu
527 1156 784 1219 firmandi,
814 1155 1005 1206 sensum
1028 1177 1082 1206 ac
1107 1158 1408 1206 voluntatem
1431 1157 1542 1218 dux,

117 1224 296 1272 flebilis
318 1223 375 1292 ³⁶)
399 1240 692 1275 verteretur:
725 1245 825 1292 quo
844 1226 990 1274 variis
1011 1225 1295 1275 adsentandi
1317 1228 1526 1289 figmen-

118 1292 180 1339 tis
209 1293 260 1339 iu
298 1294 494 1341 mollius
535 1309 765 1358 vergente
807 1293 1091 1355 securitate,
1146 1294 1271 1341 nihil
1307 1308 1528 1341 metucns

116 1360 291 1408 hostile
315 1361 637 1425 deciperetur.
711 1362 861 1409 Cuius
885 1362 952 1408 rei
973 1363 1083 1409 finis
1105 1362 1285 1409 arduus
1314 1361 1526 1410 videba-
1538 1359 1597 1402 26

117 1444 212 1476 tur.
296 1429 413 1477 Erat
440 1431 571 1478 enim
600 1430 787 1477 cautius
823 1428 1179 1478 observandum
1197 1468 1210 1491 ,
1253 1445 1308 1486 ut
1329 1430 1530 1495 adpeti-

117 1512 194 1551 tus
226 1499 586 1563 opportunitati
619 1500 1039 1562 obtemperarent,
1081 1518 1167 1547 nec
1199 1518 1526 1562 praecurren-

116 1582 188 1616 tes
217 1586 351 1627 eam,
392 1585 483 1615 nec
513 1566 813 1614 deserentes:
871 1567 956 1630 qui
989 1567 1023 1613 Ii
1054 1568 1303 1614 clnxiss'ent
1341 1568 1528 1616 intem-

114 1637 325 1701 peffive,
356 1635 605 1685 constabat
626 1653 715 1683 nos
740 1652 908 1685 omncs
929 1633 1020 1683 sub
1043 1636 1204 1699 elogio
1234 1654 1334 1683 uno
1366 1652 1525 1686 morte

114 1704 410 1753 multandos.

207 1775 474 1838 Susceptus
498 1787 659 1821 tamen
685 1772 819 1821 idem
840 1771 943 1820 dux
963 1771 1162 1834 leniter,
1207 1772 1593 1841 adactusque727

111 1844 377 1892 inclinante
398 1843 597 1906 negotio
624 1841 730 1906 ipso
751 1843 988 1902 cariem,
1031 1840 1235 1890 adorare
1266 1843 1526 1892 sollemni-

111 1927 186 1961 ter
220 1912 531 1961 anhelantem
557 1911 727 1958 cellius
758 1912 814 1977 ³⁷)
848 1926 1197 1976 purpuratum,
1254 1912 1526 1978 utl'pecta-

109 1983 225 2031 bilis
244 1982 529 2042 colebatur,
574 1992 622 2028 et
649 1981 875 2028 intimus:
923 1980 1154 2028 facilitate
1184 1979 1372 2040 aditus,
1419 1983 1525 2031 ho·-

109 2068 330 2116 noreque
360 2049 551 2098 mensae
588 2050 760 2113 regalis
793 2048 917 2098 adeo
950 2048 1243 2113 antepolitus
1285 2052 1413 2113 aliis,
1468 2066 1523 2100 ut

110 2120 206 2169 iam
229 2118 458 2168 secretius
482 2118 543 2166 de
566 2137 726 2166 rerum
748 2118 935 2166 summa
961 2118 1329 2167 consultaretur.
1411 2122 1590 2171 Aca—28

111 2207 194 2253 gre
226 2189 415 2236 ferebat
444 2188 667 2236 Silvanus
712 2187 772 2236 ad
815 2186 1121 2235 consulatum
1163 2189 1521 2253 potestatesque

108 2257 340 2306 sublimes
362 2257 498 2305 elatis
522 2256 752 2321 indignis,
789 2256 836 2304 sc
861 2271 907 2304 et
928 2256 1206 2304 Urlicinum
1232 2256 1376 2317 solos,
1414 2258 1521 2322 post

111 2325 366 2375 exsudatos
390 2343 592 2390 magnos
615 2343 703 2390 pro
726 2344 777 2373 re
803 2326 999 2390 publica
1020 2326 1212 2374 labores
1234 2340 1280 2373 et
1302 2327 1519 2388 crebros,

109 2396 176 2443 ita
206 2395 343 2444 suilse
367 2394 651 2460 despectos,
695 2408 749 2442 ut
779 2393 880 2459 ipse
912 2395 1114 2459 quidem
1152 2413 1238 2459 per
1268 2396 1519 2459 (pataefiio-

108 2483 193 2513 nes
211 2463 524 2512 familiarium
549 2462 636 2510 sub
658 2462 1010 2528 disceptatione
1034 2464 1240 2528 ignobili
1255 2462 1520 2512 crudeliter

110 2534 340 2598 agitatuS,
368 2531 653 2580 commifill‘e
677 2532 726 2578 in
750 2532 1044 2581 maiestatem
1065 2531 1401 2581 arceffcrctur:
1440 2534 1518 2580 al·-

110 2615 183 2650 ter
211 2619 326 2651 vero
361 2602 423 2649 ab
459 2601 662 2650 Oriente
693 2614 886 2665 raptus,
933 2600 1058 2649 odiis
1085 2601 1398 2650 inimicorum
1420 2601 1516 2650 ad·-

156 2764 221 2808 ¹56)
247 2766 300 2799 al.
330 2776 518 2801 vetaretur.
572 2772 628 2809 5⁵}
656 2764 723 2800 ΜΓ.
751 2777 946 2814 purpuram
977 2764 1180 2812 specialius.

601 2804 606 2812 ,
619 2803 624 2808 ,
