1727 3144
232 178 778 214 cous‘rANTms-Er
819 181 1134 225 ltr-LxANus.
1205 171 1323 232 559..
1410 173 1504 234 187

96 291 219 339 tium
253 289 570 339 multitudine
614 292 791 357 procul
833 285 1200 357 speculantibus
1247 292 1508 359 visebatur,

19 358 26 365 ’
95 361 276 424 petitus
304 362 564 409 crebritate
594 362 832 423 telorum,
870 359 1375 427 multis‘stipatoribus
1398 365 1510 412 stra-

96 429 157 476 tis
190 430 434 492 absccssit,
482 432 723 479 alternans
756 431 983 494 regibiles
1007 430 1161 479 acies:
1203 445 1250 478 et
1272 429 1334 478 ad
1358 446 1510 481 extre-

95 515 233 544 mum
263 498 361 547 diei
388 517 478 547 nec
508 501 549 566 2)
583 500 817 547 mortium
846 500 973 548 truci
1004 499 1109 547 visu
1140 517 1230 548 nec
1251 501 1511 549 vulnerum

97 567 318 629 territus,
372 569 571 618 tandem
616 583 810 634 tempus
852 569 1086 634 exiguum
1141 568 1294 618 tribui
1352 570 1511 636 quieti

97 636 329 699 permisit.

192 706 337 753 Vltl.
382 707 569 755 Verum
606 719 751 754 nocte
780 705 966 770 proelia
1000 702 1289 768 dirimente,
1334 705 1552 757 somnos'x

94 789 185 836 per
206 774 354 835 breve
377 775 533 822 otium
553 788 698 840 capto
714 813 728 837 ,
763 778 807 840 Ἀ
824 772 1156 823 innotescente
1178 775 1275 823 iam
1303 776 1413 825 luce
1446 777 1511 825 ad

95 842 337 904 potiunda
358 843 571 908 sperata,
611 845 684 890 ira
716 858 764 892 et
797 843 970 892 dolore
1003 843 1280 903 exundans,
1323 863 1417 896 nec
1438 847 1510 894 fas

95 910 251 959 ullum
270 929 395 975 prae
433 914 587 961 oculis
616 913 902 975 habiturus,
948 925 1113 978 gentes
1146 914 1196 960 in
1225 932 1315 962 nos
1337 915 1514 964 excita-

92 978 194 1027 bat.
268 983 493 1048 Cumque
522 983 744 1030 crematis
777 983 1034 1047 operibus,
1077 997 1134 1030 ut
1163 984 1203 1048 ²)
1233 982 1511 1047 docuimuS,

93 1065 259 1114 pugna
282 1068 370 1115 per
391 1070 586 1115 aggeres
608 1052 760 1099 celsos
781 1052 932 1099 muris
953 1052 1205 1117 proximos
1224 1067 1510 1114 tentaretur,

94 1134 159 1165 ex
188 1119 389 1183 aggestis
423 1138 474 1168 ei
478 1135 595 1168 ecus
625 1120 940 1197 intrinsecus,
981 1134 1219 1184 quantum
1249 1123 1410 1170 faeere
1439 1123 1513 1169 ni-

95 1185 232 1251 tique
276 1203 528 1254 poterant,
562 1189 733 1250 ΙιιοΓῐιί
769 1190 938 1256 aequis
984 1189 1171 1238 vilibus
1219 1209 1308 1255 per
1357 1190 1511 1239 ardua

97 1255 303 1303 resisteb
295 1271 389 1304 nnt.

199 1324 262 1370 Et
296 1324 381 1372 diu
399 1339 655 1374 cruentum
680 1327 924 1391 proelium
944 1326 1088 1385 stetit,
1121 1343 1211 1373 nec
1230 1340 1364 1374 metu
1381 1344 1508 1374 mor-
1527 1340 1559 1372 a

97 1393 158 1440 tis
172 1393 432 1461 quisquam
445 1410 507 1440 ex
524 1393 686 1458 aliqua
710 1409 842 1458 parte
857 1413 881 1440 a
903 1393 1062 1441 studio
1075 1395 1421 1458 propugnandi
1440 1414 1513 1445 re-

96 1462 415 1509 movebatur:
489 1479 647 1528 eoque
699 1463 940 1528 producta
979 1464 1326 1522 contentione,
1394 1483 1509 1513 cum

95 1529 200 1578 sors
249 1530 463 1596 partium
501 1545 678 1578 eventu
717 1546 966 1593 tegeretur
1003 1529 1363 1594 indeclinabili,
1423 1532 1510 1582 diu

96 1599 316 1648 laborata
343 1600 497 1647 moles
521 1600 603 1646 illa
627 1599 927 1659 nostrorum,
961 1599 1094 1647 velut
1116 1612 1271 1648 terrae
1292 1601 1511 1666 quodam

99 1681 310 1717 tremore
339 1668 375 1732 ³)
405 1666 615 1732 quass'ata
638 1667 933 1732 procubuit:
968 1681 1015 1714 et
1038 1680 1288 1732 tamquam
1316 1670 1512 1719 itinera-

99 1738 175 1785 rio
242 1754 414 1802 aggere
474 1736 552 1784 vel
587 1735 892 1801 superposito
940 1750 1091 1800 ponte
1129 1739 1512 1803 complanatum

96 1804 330 1870 spatium,
372 1804 510 1871 quod
529 1806 657 1853 inter
684 1824 882 1852 murum
907 1804 1282 1871 congestamque
1309 1807 1514 1857 forinse-

97 1893 184 1922 cus
226 1875 405 1923 struem
445 1874 638 1936 hiabat,
698 1874 932 1939 patefecit
969 1874 1192 1922 hostibus
1232 1877 1508 1940 transitum,

97 1945 243 1992 nullis
275 1943 501 1991 obicibus
531 1944 854 2008 impeditum,
900 1957 948 1990 et
979 1961 1086 2007 pars
1117 1944 1353 2011 pleraque
1383 1948 1513 1994 mili-

96 2026 202 2060 tum
232 2012 537 2061 deiectorum
570 2012 791 2078 oppressa
820 2012 899 2060 vel
932 2011 1185 2061 debilitata
1214 2017 1253 2079 ⁴)
1282 2015 1506 2064 cessabat.

100 2082 405 2130 Concursum
442 2082 509 2130 est
540 2096 702 2130 tamen
731 2081 951 2146 undique
990 2080 1054 2128 ad
1093 2083 1560 2148 propulsationemS

97 2151 306 2215 periculi
328 2165 425 2197 tam
444 2152 667 2217 abrupti:
717 2165 764 2199 et
788 2150 1047 2198 festinandi
1070 2151 1230 2199 studio
1262 2154 1368 2200 aliis
1388 2154 1458 2219 ⁵)
1446 2173 1510 2201 ιι·-

99 2219 387 2266 retientibus
414 2219 551 2297 alios,
572 2219 774 2268 audacia
793 2219 1006 2268 hostium
1029 2219 1135 2284 ipso
1165 2219 1379 2268 success‘u
1406 2240 1509 2269 cie-

99 2287 278 2335 scebat.
367 2288 506 2335 Actis
537 2289 687 2353 igitur
717 2289 843 2353 legis
873 2288 1083 2353 imperio
1127 2290 1558 2353 pioeliatoribus!

100 2356 356 2418 universis,
399 2356 664 2422 ltiictoque
692 2357 967 2405 comminus
992 2358 1149 2418 seno,
1185 2376 1299 2405 cum
1318 2357 1507 2423 languis

99 2426 366 2491 utrubique
385 2424 631 2474 immensis
652 2425 884 2474 caedibus
916 2426 1229 2485 funderetur,
1269 2425 1310 2490 ⁶)
1340 2428 1508 2493 opple-

101 2507 178 2543 tae
196 2494 306 2544 sunt
322 2495 616 2560 corporibus
637 2495 802 2558 fossac,
832 2494 1078 2560 latiorque
1100 2494 1178 2542 via
1199 2496 1238 2561 ⁷)
1259 2493 1373 2543 ideo
1394 2515 1507 2561 pan-

151 2703 186 2747 2)
209 2703 378 2738 mortium
406 2703 498 2738 truci
523 2701 608 2736 visio
643 2714 712 2736 nec
741 2701 841 2739 vuln.
898 2702 944 2741 ἰ)
969 2702 1037 2737 Ms.
1075 2701 1330 2738 umotesceme.
1388 2705 1426 2748 2)
1452 2705 1504 2738 al.

107 2745 311 2783 docueram.
360 2752 398 2791 3)
427 2748 495 2784 Mt.
520 2747 676 2796 qualiua.
723 2754 759 2792 4)
781 2751 833 2785 al.
864 2747 1031 2784 cassabat.
1087 2752 1128 2797 5)
1156 2751 1207 2785 al.
1249 2748 1505 2786 irretientibus.

105 2796 144 2839 ὕ)
168 2793 237 2830 Ml.
269 2795 483 2844 appellatae
531 2802 566 2842 7)
594 2798 647 2831 al
674 2794 777 2832 inde.
