1727 3144
255 148 512 182 VALENT.
553 149 686 182 vAL.
724 152 801 182 ET
843 151 1140 185 ona-rias.
1212 143 1326 203 575.
1427 147 1525 204 549

109 329 219 375 iusti
242 329 317 376 vel
341 330 539 375 Catonis
518 260 820 394 dilciplina
842 330 1142 394 productos:
1178 334 1263 396 qui
1284 353 1391 382 aere
1418 355 1520 399 gra-

110 398 156 443 vi
182 399 380 444 meinati
407 398 625 461 publicas
647 399 932 463 potestateS,
965 414 1018 447 ut
1036 400 1303 449 creditores
1330 405 1515 452 molesti

109 484 227 543 opes
253 467 632 531 cuiusquemodi
664 469 890 525 fortunae
927 469 1181 530 iimantes,
1223 471 1390 518 alienis
1415 490 1517 535 gie-

106 536 218 582 miis
242 536 491 583 excutiunt
514 536 728 614 praedas.
799 536 884 584 Ad
904 538 1132 586 ultimum
1153 531 1206 585 id
1228 540 1378 588 habet
1406 558 1515 588 cau-
1535 556 1589 585 22

106 603 307 651 fidicina
341 623 454 651 cum
485 606 686 652 caeteris
719 605 1036 653 metuendum
1071 621 1119 655 et
1159 626 1327 686 grave,
1379 609 1518 674 quod

102 673 201 719 hoe
232 673 506 736 ingenitum
539 674 603 720 est
639 691 789 737 paene
822 673 1125 736 litigantibus
1165 677 1374 739 cunctis-
1442 692 1511 740 ut,

102 760 216 789 cum
239 742 393 805 iurgia
416 741 548 788 mille
566 740 752 787 cafibus
773 740 975 796 cadant,
1003 743 1272 792 accidentia
1298 746 1432 793 secus
1463 715 1515 793 iii

99 810 336 874 potestate
371 808 462 855 effe
507 808 777 854 existiment
816 822 1170 872 patronorum:
1228 827 1276 860 et
1319 831 1515 862 omnem

101 878 424 925 ceitaminum
468 876 651 923 exitum
696 875 873 924 iisdem
909 876 1094 926 soleant
1135 880 1408 944 adfignaie,
1467 897 1515 930 et

98 965 202 994 non
220 945 350 994 vitiis
370 962 559 1005 ier,um
595 959 677 992 aut
696 945 944 1009 iniquitati
967 948 1225 1012 aliquoties
1245 950 1514 1014 dilceptan-

98 1017 250 1076 tium,
287 1013 371 1061 sed
397 1012 510 1060 solis
549 1012 912 1062 defenlantibus
938 1014 1220 1066 irascantur.
1304 1021 1512 1076 Verum,

98 1083 231 1132 unde
251 1084 350 1131 huc
372 1080 753 1144 declinavimus,
784 1097 1098 1133 revertamur.

632 1195 715 1261 (A.
756 1196 810 1245 C.
848 1199 988 1263 575.)

195 1287 259 1335 V.
290 1284 592 1334 Pubescente
614 1285 712 1334 iam
733 1304 845 1336 vere
866 1288 1238 1337 Valentinianus
1273 1307 1299 1338 a
1328 1289 1507 1338 Treve-
1527 1312 1545 1339 1

95 1357 164 1405 ris
194 1370 382 1417 motus,
429 1373 516 1420 per
544 1369 660 1402 nota
690 1356 863 1404 itinera
892 1356 1046 1420 gradu
1073 1359 1220 1406 celeri
1246 1359 1508 1407 contende-

96 1426 208 1473 hat:
253 1425 395 1489 eique
430 1425 653 1487 regiones
684 1425 990 1485 adventanti,
1035 1446 1149 1490 quas
1181 1429 1404 1491 petebat,
1443 1429 1509 1475 le-

97 1495 228 1558 gatio
259 1494 589 1541 Sarmatarum
633 1494 860 1541 offertur:
924 1495 1231 1573 pedibusque
1267 1497 1368 1544 eius
1397 1514 1510 1560 pro⁴

93 1563 262 1624 strata,
307 1564 477 1610 orabat
510 1562 710 1627 pacifica
739 1581 907 1626 Ριεςε,
960 1577 1013 1609 ut
1044 1564 1285 1640 piopitius
1324 1564 1510 1612 veniret

96 1645 145 1679 et
173 1632 320 1692 lenis,
362 1632 542 1678 nullius
576 1631 671 1678 diii
699 1632 930 1679 facinoris
964 1633 1224 1696 pa1tieipes
1248 1634 1507 1697 populaies

91 1699 237 1748 suos
227 1669 512 1748 111νέ111111115
534 1714 615 1746 aut
632 1700 867 1747 conscios.
943 1700 1136 1755 Quibus
1165 1700 1304 1765 saepe
1336 1701 1505 1749 eadem
1525 1720 1554 1748 2

91 1769 415 1830 iterantibus,
475 1769 710 1817 hactenus
754 1767 987 1833 perpensa
1039 1767 1391 1817 deliberatione
1437 1786 1508 1816 re-

90 1837 318 1902 spondit,
353 1838 476 1886 haec
495 1839 546 1885 in
570 1837 720 1898 locis,
750 1839 837 1884 ubi
860 1837 1089 1884 dicuntur
1108 1836 1304 1900 admiss'a
1320 1875 1333 1900 ‚
1362 1855 1508 1901 quae·

90 1907 244 1955 reuda
266 1907 521 1955 veliffimis
550 1907 856 1954 documentis
892 1920 940 1953 et
969 1904 1280 1952 vindicanda
1361 1907 1506 1953 Cum-

90 1993 186 2041 que
212 1974 386 2024 exinde
411 1977 715 2023 Carnuntum
736 1974 1016 2038 Illyriorum
1049 1973 1288 2037 oppidum
1316 1973 1506 2021 introis-

88 2044 178 2105 set,
215 2035 460 2091 desertum
479 2042 683 2109 quidem
706 2060 833 2088 nunc
859 2055 906 2089 et
924 2039 1164 2106 squalens,
1200 2042 1284 2089 l'ed
1309 2042 1503 2088 ductoii

91 2104 330 2161 exercitus
362 2130 600 2177 perquam
635 2124 994 2175 opportunum,
1049 2110 1135 2155 ubi
1168 2110 1268 2157 fors
1308 2110 1502 2173 copiam

93 2180 299 2228 dediffet
327 2194 411 2227 aut
445 2181 598 2241 ratio,
647 2197 673 2227 e
706 2179 908 2227 statione
945 2178 1167 2242 proxima
1206 2179 1502 2244 iepiimebat

91 2249 378 2298 barbaricos
406 2248 665 2312 adpetitus.

187 2318 252 2365 Et
270 2335 566 2383 quamquam
597 2316 774 2364 terrori
805 2316 992 2365 cunctis
1021 2329 1148 2377 erat,
1183 2314 1312 2362 dum
1348 2311 1497 2377 spera·
1516 2327 1547 2372 5

88 2388 236 2436 batur
265 2401 320 2434 ut
339 2405 449 2434 acer
470 2399 518 2433 et
535 2385 796 2433 vehemens
815 2405 927 2433 mox
952 2384 1136 2432 iudices
1170 2383 1384 2430 damna=i
1408 2382 1501 2429 ius-

89 2456 254 2517 surus,
289 2473 501 2521 quorum
524 2453 730 2518 perfidia
753 2456 830 2502 vel
852 2453 1107 2502 I'ecessione
1137 2451 1500 2501 Pannoniarum

90 2526 329 2573 nudatum
352 2524 417 2571 est
436 2525 585 2570 latus:
632 2541 744 2569 cum
769 2524 885 2570 illuc
920 2521 1140 2582 veniss'et,
1184 2522 1246 2568 ita
1272 2521 1496 2583 intepuit,

91 2607 147 2642 ut
170 2611 327 2658 neque
352 2593 401 2640 in
425 2591 627 2639 Gabinii
661 2591 786 2655 regis
815 2591 1084 2656 inquireret
1111 2608 1306 2649 necem,
1339 2606 1499 2652 neque

90 2661 245 2710 inusta
275 2662 345 2712 rei
375 2661 601 2726 publicae
632 2660 828 2709 vulnera
856 2663 888 2724 ¹)
912 2678 1010 2726 quo
1033 2659 1213 2708 lincnte
1233 2658 1307 2707 vel
1330 2671 1499 2723 agente

103 2747 694 2758 ——-———————

149 2782 185 2820 ι)
210 2776 270 2811 'czl.
301 2778 374 2824 quo
405 2785 565 2812 canente.
