1727 3144
476 151 578 184 An
646 149 1144 185 LECTOREM.
1367 155 1510 187 XXXIX

73 256 82 261 l
109 260 278 329 posui:
313 262 672 328 Imperatorum
702 262 926 323 nomina,
967 261 1103 328 paria
1132 259 1425 324 Consulum,
1465 278 1513 312 et

87 335 262 379 ‘annos
293 332 477 383 Christi
500 333 600 387 nati
633 332 830 397 lingulis
860 331 1076 396 paginis,
1126 345 1364 396 quantum
1402 333 1511 380 fieri

105 401 321 465 potuit,·
340 415 501 449 exacte
533 402 760 466 praefixi,
804 415 859 448 ut
888 402 1101 465 legentes
1126 399 1285 447 statim
1316 399 1508 462 scirent,

103 461 194 516 sub
217 488 316 534 quo
340 471 558 535 quidque
578 471 806 535 Principe
830 485 876 517 et
895 488 995 533 quo
1015 488 1142 517 anno
1167 468 1349 533 gestum
1380 469 1508 517 effet-

80 596 83 599 ,
105 537 165 586 111
188 538 451 587 Ammiano
473 539 661 603 deletis,
691 558 814 606 quae
837 539 1089 586 communi
1116 538 1376 586 doctorum
1397 557 1512 586 con-

103 604 243 654 sensu
273 607 505 656 mendosa
536 625 583 656 et
616 608 889 657 damnanda
930 623 1091 669 erant,
1144 607 1512 656 emendationes

57 712 62 717 .
104 675 308 737 Vzsseffi,
350 678 644 726 Criticorum
673 698 728 727 ac
756 693 973 735 veterum
1010 678 1404 725 membranarum
1435 696 1516 725 au-

103 746 329 793 ctoritate
358 750 694 811 confirmatas,
738 747 973 813 quasdam
1005 747 1150 795 etiam
1185 761 1315 795 certa
1350 748 1515 795 conie-

107 827 244 861 ctura
261 816 407 863 fretas
429 816 665 864 substitui.
739 820 878 874 Quae
903 835 927 863 a
949 817 1195 864 nonnullis
1224 816 1284 863 ad
1307 816 1514 881 implen-

109 881 223 930 dam
257 883 539 932 senteutiam
573 886 732 934 verbis
772 886 1024 933 Ammiani
1064 886 1342 933 Marcellini
1376 899 1512 933 erant

106 952 321 1014 inserta‚-
355 954 549 1002 duobus
575 956 768 1003 uncinis
793 955 989 1015 inelufi,
1029 956 1222 1020 quoties
1249 955 1301 1001 in
1341 953 1510 1019 priscis

107 1022 364 1070 codicibus
385 1023 560 1088 scripta
584 1043 685 1071 non
709 1025 1093 1089 reperiebantur.
1165 1024 1318 1071 Notas
1350 1024 1510 1071 fratris

59 1128 66 1132 -
106 1090 397 1154 posteriores
419 1112 444 1139 a
467 1094 715 1157 prioribus
738 1093 951 1150 distinxi,
987 1112 1042 1140 ac
1065 1093 1258 1141 duobus
1282 1092 1513 1140 asteriscis

105 1159 294 1218 inelufi,
327 1175 381 1208 ut
405 1179 572 1211 omues
594 1162 923 1227 intelligerent
943 1182 997 1210 ac
1021 1162 1242 1217 viderent
1263 1180 1385 1227 quae
1410 1161 1514 1225 post

107 1228 290 1276 editum
335 1231 654 1280 Ammianum
693 1250 822 1280 nova
863 1231 1224 1292 observaviffet,
1278 1249 1332 1277 ac
1369 1230 1514 1277 Notis

112 1295 205 1344 suis
225 1298 486 1347 adieciffet.
560 1301 752 1349 Addidi
775 1315 820 1348 et
844 1300 1023 1347 inferni
1045 1299 1145 1362 ipse
1168 1317 1267 1345 non
1293 1316 1401 1345 raro
1434 1298 1516 1345 ad-

111 1367 386 1414 notationes
414 1387 468 1414 ac
500 1368 862 1416 observationes
898 1385 1055 1428 meas,
1107 1367 1514 1432 quotiescumque

113 1437 260 1482 verba
283 1436 516 1483 Historiei
536 1438 684 1484 nostri
705 1437 1082 1501 explicationem
1114 1435 1354 1499 postulare
1384 1435 1516 1483 vide-

108 1505 313 1565 bantur,
351 1519 398 1552 et
421 1506 612 1570 quoties
634 1505 821 1554 codicis
845 1505 1146 1563 Colhertini‚
1181 1503 1241 1551 de
1269 1523 1367 1569 quo
1389 1506 1516 1552 infra

108 1574 248 1638 plura
282 1573 500 1621 dicturus
533 1573 663 1634 sum,
707 1588 754 1621 et
787 1573 973 1621 codicis
1005 1573 1281 1637 Valentini,
1332 1592 1387 1620 ex
1415 1591 1516 1638 quo

109 1643 263 1689 varias
286 1643 520 1690 lectiones
546 1642 600 1688 P.
621 1643 818 1690 Pithoei
838 1661 986 1689 manu
1007 1655 1195 1688 notatas
1213 1641 1335 1704 legi,
1373 1643 1516 1689 aliam

107 1711 158 1757 in
181 1711 466 1759 sententiam
487 1729 565 1759 me
585 1712 810 1759 trahebat
831 1711 1108 1759 auctoritas.
1180 1710 1414 1758 Eiusdem
1437 1730 1519 1759 co-

110 1779 232 1827 dicis
275 1781 547 1828 Colbertini
595 1781 762 1845 paffim
799 1781 1101 1828 mentionem
1144 1780 1268 1837 feci,
1323 1782 1517 1845 quotics

110 1868 224 1896 etun
268 1850 372 1896 aliis
413 1849 669 1898 codicibus
705 1850 1057 1906 conveniebat,
1097 1863 1181 1895 aut
1225 1849 1387 1895 fratris
1416 1850 1516 1909 Juei

111 1917 505 1965 emendationem
537 1920 922 1983 opinionemque
951 1919 1322 1981 comprobabat.
1418 1918 1519 1966 No-

111 2002 270 2036 tarum
304 2005 521 2035 mearum
553 2007 660 2052 pars
695 1989 786 2052 est,
832 1988 1121 2052 disceptatio
1150 1987 1209 2034 de
1232 1986 1516 2035 Hebdomo.

109 2057 173 2104 Et
202 2056 434 2121 quoniam
471 2075 578 2104 mea
607 2077 632 2103 a
661 2058 885 2104 fraternis
915 2055 1231 2104 discernenda
1263 2071 1422 2117 crant,
1456 2074 1516 2104 ne

112 2144 139 2172 a
158 2125 431 2189 legentibus
450 2126 896 2186 confunderentur,
936 2145 989 2173 ea
1021 2124 1213 2172 duobus
1235 2124 1426 2172 uncinis
1448 2124 1518 2171 di-

108 2194 314 2259 ligenter
337 2193 534 2245 inclusi..
596 2197 768 2259 Itaque
800 2193 1044 2261 quidquid
1066 2194 1114 2240 in
1149 2194 1292 2241 Notis
1323 2195 1517 2240 duobus

109 2263 301 2310 uncinis
324 2262 594 2324 clauditur,
632 2283 794 2312 meum
816 2265 894 2312 est.
976 2263 1241 2310 Ammiano
1277 2262 1518 2310 Marcelli-

110 2349 176 2379 no
197 2330 422 2378 subiunxi
445 2331 505 2379 de
534 2333 815 2381 Constantio
850 2333 1064 2393 Cliton),
1112 2331 1171 2379 de
1202 2332 1517 2387 Constantino

112 2399 296 2464 &lagno
324 2414 370 2447 et
398 2401 502 2447 aliis
534 2402 920 2465 Imperatoribus
958 2401 1194 2465 Excerpta
1226 2414 1387 2447 vetera
1419 2400 1519 2446 Au-

114 2470 264 2517 ctoris
286 2470 468 2532 ignoti,
505 2485 552 2516 et
573 2488 629 2517 ex
649 2471 786 2517 libris
814 2471 1177 2518 Clironicorum
1204 2469 1263 2515 dc
1290 2467 1514 2515 Odoacre

117 2552 165 2585 et
197 2536 513 2586 Theoderico
542 2539 752 2603 Regibus
790 2540 957 2587 Italiae
994 2539 1228 2586 nonnulla
1258 2537 1419 2600 magni
1452 2537 1520 2582 fa-

117 2606 319 2669 cienda,
355 2625 479 2670 qnae
504 2607 718 2656 Valclius
740 2627 765 2654 a
787 2609 849 2656 V.
874 2609 946 2656 Cl.
973 2609 1069 2655 Iac.
1101 2604 1371 2653 sirmundo
1404 2605 1519 2652 anii-

117 2693 178 2722 co
197 2673 282 2723 suo
307 2690 586 2739 acceperat,
619 2695 674 2723 ac
695 2678 822 2723 notis
841 2677 1172 2724 illustraverat.
1243 2673 1420 2721 Adieci
1445 2675 1520 2720 In-

121 2740 283 2792 dicem
313 2762 477 2794 rerum
509 2745 930 2796 memorabilium.
975 2761 1097 2809 quae
1127 2743 1524 2792 Λ111111ἰ.’11;1’1Μῦνρ
