<?xml version="1.0" encoding="UTF-8"?>
<!DOCTYPE html PUBLIC "-//W3C//DTD XHTML 1.0 Transitional//EN"
    "http://www.w3.org/TR/xhtml1/DTD/xhtml1-transitional.dtd">
<html xmlns="http://www.w3.org/1999/xhtml" xml:lang="en" lang="en">
 <head>
  <title>
</title>
<meta http-equiv="Content-Type" content="text/html;charset=utf-8" />
  <meta name='ocr-system' content='tesseract 3.04.00' />
  <meta name='ocr-capabilities' content='ocr_page ocr_carea ocr_par ocr_line ocrx_word'/>
</head>
<body>
  <div class='ocr_page' id='page_1' title='image "ammianimarcellin01ammiuoft_0599.png"; bbox 0 0 1727 3144; ppageno 0'>
   <div class='ocr_carea' id='block_1_1' title="bbox 416 143 1541 194">
    <p class='ocr_par' dir='ltr' id='par_1_1' title="bbox 416 143 1541 194">
     <span class='ocr_line' id='line_1_1' title="bbox 416 143 1541 194; baseline 0.008 -9"><span class='ocrx_word' id='word_1_1' title='bbox 416 154 1083 186; x_wconf 71' lang='lat' dir='ltr'>VALENTINIANUs.</span> <span class='ocrx_word' id='word_1_2' title='bbox 1157 143 1272 191; x_wconf 77' lang='lat'>364.</span> <span class='ocrx_word' id='word_1_3' title='bbox 1444 148 1541 194; x_wconf 72' lang='lat'>403</span> 
     </span>
    </p>
   </div>
   <div class='ocr_carea' id='block_1_2' title="bbox 116 264 1584 2738">
    <p class='ocr_par' dir='ltr' id='par_1_2' title="bbox 118 264 1584 1708">
     <span class='ocr_line' id='line_1_2' title="bbox 126 264 1541 330; baseline 0.006 -17"><span class='ocrx_word' id='word_1_4' title='bbox 126 266 257 313; x_wconf 83' lang='lat' dir='ltr'>ferre</span> <span class='ocrx_word' id='word_1_5' title='bbox 287 267 314 312; x_wconf 78' lang='lat' dir='ltr'>a</span> <span class='ocrx_word' id='word_1_6' title='bbox 338 264 616 313; x_wconf 84' lang='lat' dir='ltr'>notioribus</span> <span class='ocrx_word' id='word_1_7' title='bbox 650 264 852 330; x_wconf 87' lang='lat' dir='ltr'>pedem,</span> <span class='ocrx_word' id='word_1_8' title='bbox 897 276 952 312; x_wconf 91' lang='lat' dir='ltr'>ut</span> <span class='ocrx_word' id='word_1_9' title='bbox 981 278 1030 314; x_wconf 85' lang='lat' dir='ltr'>et</span> <span class='ocrx_word' id='word_1_10' title='bbox 1061 266 1276 330; x_wconf 87' lang='lat' dir='ltr'>pericula</span> <span class='ocrx_word' id='word_1_11' title='bbox 1299 268 1541 320; x_wconf 89' lang='lat' dir='ltr'>declinen-</span> 
     </span>
     <span class='ocr_line' id='line_1_3' title="bbox 128 333 1541 399; baseline 0.006 -19"><span class='ocrx_word' id='word_1_12' title='bbox 128 347 210 380; x_wconf 86' lang='lat' dir='ltr'>tur</span> <span class='ocrx_word' id='word_1_13' title='bbox 238 334 429 381; x_wconf 88' lang='lat' dir='ltr'>veritati</span> <span class='ocrx_word' id='word_1_14' title='bbox 461 333 602 399; x_wconf 83' lang='lat' dir='ltr'><strong>saepe</strong></span> <span class='ocrx_word' id='word_1_15' title='bbox 630 335 886 399; x_wconf 85' lang='lat' dir='ltr'>contigua,</span> <span class='ocrx_word' id='word_1_16' title='bbox 929 347 978 382; x_wconf 89' lang='lat' dir='ltr'>et</span> <span class='ocrx_word' id='word_1_17' title='bbox 1006 335 1357 385; x_wconf 80' lang='lat' dir='ltr'>examinatores</span> <span class='ocrx_word' id='word_1_18' title='bbox 1378 356 1541 390; x_wconf 82' lang='lat' dir='ltr'>conte-</span> 
     </span>
     <span class='ocr_line' id='line_1_4' title="bbox 127 402 1539 471; baseline 0.005 -21"><span class='ocrx_word' id='word_1_19' title='bbox 127 402 275 450; x_wconf 79' lang='lat' dir='ltr'>xendi</span> <span class='ocrx_word' id='word_1_20' title='bbox 309 405 471 469; x_wconf 89' lang='lat' dir='ltr'>operis</span> <span class='ocrx_word' id='word_1_21' title='bbox 496 404 675 452; x_wconf 91' lang='lat' dir='ltr'>deinde</span> <span class='ocrx_word' id='word_1_22' title='bbox 707 422 807 452; x_wconf 92' lang='lat' dir='ltr'>non</span> <span class='ocrx_word' id='word_1_23' title='bbox 836 404 1135 469; x_wconf 84' lang='lat' dir='ltr'>perferamus</span> <span class='ocrx_word' id='word_1_24' title='bbox 1162 404 1539 471; x_wconf 84' lang='lat' dir='ltr'>intempestivos,</span> 
     </span>
     <span class='ocr_line' id='line_1_5' title="bbox 125 469 1539 541; baseline 0.005 -23"><span class='ocrx_word' id='word_1_25' title='bbox 125 470 392 536; x_wconf 80' lang='lat' dir='ltr'>strepentes</span> <span class='ocrx_word' id='word_1_26' title='bbox 413 487 466 520; x_wconf 87' lang='lat' dir='ltr'>ut</span> <span class='ocrx_word' id='word_1_27' title='bbox 486 473 665 533; x_wconf 83' lang='lat' dir='ltr'>laesos,</span> <span class='ocrx_word' id='word_1_28' title='bbox 693 474 730 521; x_wconf 89' lang='lat' dir='ltr'><strong>fi</strong></span> <span class='ocrx_word' id='word_1_29' title='bbox 750 469 1061 538; x_wconf 85' lang='lat' dir='ltr'>praeteritum</span> <span class='ocrx_word' id='word_1_30' title='bbox 1085 473 1166 535; x_wconf 88' lang='lat' dir='ltr'>fit,</span> <span class='ocrx_word' id='word_1_31' title='bbox 1198 474 1336 540; x_wconf 90' lang='lat' dir='ltr'>quod</span> <span class='ocrx_word' id='word_1_32' title='bbox 1364 476 1539 541; x_wconf 85' lang='lat' dir='ltr'>loquu-</span> 
     </span>
     <span class='ocr_line' id='line_1_6' title="bbox 124 541 1538 609; baseline 0.004 -22"><span class='ocrx_word' id='word_1_33' title='bbox 124 553 203 587; x_wconf 88' lang='lat' dir='ltr'>tus</span> <span class='ocrx_word' id='word_1_34' title='bbox 227 541 293 588; x_wconf 89' lang='lat' dir='ltr'>est</span> <span class='ocrx_word' id='word_1_35' title='bbox 311 542 618 607; x_wconf 83' lang='lat' dir='ltr'>Imperator</span> <span class='ocrx_word' id='word_1_36' title='bbox 607 562 659 590; x_wconf 89' lang='lat' dir='ltr'>m</span> <span class='ocrx_word' id='word_1_37' title='bbox 676 560 856 605; x_wconf 82' lang='lat' dir='ltr'>coena,</span> <span class='ocrx_word' id='word_1_38' title='bbox 901 543 978 591; x_wconf 87' lang='lat' dir='ltr'>vel</span> <span class='ocrx_word' id='word_1_39' title='bbox 1002 542 1251 605; x_wconf 69' lang='lat' dir='ltr'>ominum,</span> <span class='ocrx_word' id='word_1_40' title='bbox 1303 563 1450 609; x_wconf 89' lang='lat' dir='ltr'>quam</span> <span class='ocrx_word' id='word_1_41' title='bbox 1474 548 1538 593; x_wconf 91' lang='lat' dir='ltr'>ob</span> 
     </span>
     <span class='ocr_line' id='line_1_7' title="bbox 124 609 1542 678; baseline 0.004 -24"><span class='ocrx_word' id='word_1_42' title='bbox 124 609 318 658; x_wconf 80' lang='lat' dir='ltr'>causam</span> <span class='ocrx_word' id='word_1_43' title='bbox 347 613 554 676; x_wconf 76' lang='lat' dir='ltr'>gregaiii</span> <span class='ocrx_word' id='word_1_44' title='bbox 582 613 762 660; x_wconf 85' lang='lat' dir='ltr'>milites</span> <span class='ocrx_word' id='word_1_45' title='bbox 789 612 996 660; x_wconf 82' lang='lat' dir='ltr'>coerciti</span> <span class='ocrx_word' id='word_1_46' title='bbox 1014 610 1124 659; x_wconf 87' lang='lat' dir='ltr'>sunt</span> <span class='ocrx_word' id='word_1_47' title='bbox 1152 611 1286 677; x_wconf 88' lang='lat' dir='ltr'>apud</span> <span class='ocrx_word' id='word_1_48' title='bbox 1305 612 1463 678; x_wconf 82' lang='lat' dir='ltr'>figna,</span> <span class='ocrx_word' id='word_1_49' title='bbox 1493 628 1542 662; x_wconf 84' lang='lat' dir='ltr'>et</span> 
     </span>
     <span class='ocr_line' id='line_1_8' title="bbox 125 679 1541 747; baseline 0.004 -23"><span class='ocrx_word' id='word_1_50' title='bbox 125 679 263 742; x_wconf 90' lang='lat' dir='ltr'>quod</span> <span class='ocrx_word' id='word_1_51' title='bbox 285 698 385 727; x_wconf 90' lang='lat' dir='ltr'>non</span> <span class='ocrx_word' id='word_1_52' title='bbox 406 681 669 728; x_wconf 86' lang='lat' dir='ltr'>decuerat</span> <span class='ocrx_word' id='word_1_53' title='bbox 657 699 708 726; x_wconf 84' lang='grc' dir='ltr'>ιιι</span> <span class='ocrx_word' id='word_1_54' title='bbox 738 679 1065 743; x_wconf 86' lang='lat' dir='ltr'>descriptione</span> <span class='ocrx_word' id='word_1_55' title='bbox 1094 681 1357 747; x_wconf 87' lang='lat' dir='ltr'>multiplici</span> <span class='ocrx_word' id='word_1_56' title='bbox 1387 683 1541 746; x_wconf 85' lang='lat' dir='ltr'>regio-</span> 
     </span>
     <span class='ocr_line' id='line_1_9' title="bbox 123 747 1542 815; baseline 0.004 -22"><span class='ocrx_word' id='word_1_57' title='bbox 123 764 257 809; x_wconf 85' lang='lat' dir='ltr'>num,</span> <span class='ocrx_word' id='word_1_58' title='bbox 272 747 434 812; x_wconf 90' lang='lat' dir='ltr'>super</span> <span class='ocrx_word' id='word_1_59' title='bbox 453 749 643 812; x_wconf 84' lang='lat' dir='ltr'>exiguis</span> <span class='ocrx_word' id='word_1_60' title='bbox 664 747 803 796; x_wconf 87' lang='lat' dir='ltr'>filere</span> <span class='ocrx_word' id='word_1_61' title='bbox 821 747 1052 795; x_wconf 85' lang='lat' dir='ltr'>castellis:</span> <span class='ocrx_word' id='word_1_62' title='bbox 1089 749 1325 815; x_wconf 90' lang='lat' dir='ltr'>quodque</span> <span class='ocrx_word' id='word_1_63' title='bbox 1341 766 1542 800; x_wconf 89' lang='lat' dir='ltr'>cuncto-</span> 
     </span>
     <span class='ocr_line' id='line_1_10' title="bbox 122 808 1540 882; baseline 0.004 -20"><span class='ocrx_word' id='word_1_64' title='bbox 122 833 230 862; x_wconf 89' lang='lat' dir='ltr'>rum</span> <span class='ocrx_word' id='word_1_65' title='bbox 255 816 452 863; x_wconf 89' lang='lat' dir='ltr'>nomina</span> <span class='ocrx_word' id='word_1_66' title='bbox 469 853 482 878; x_wconf 88' lang='lat'>,</span> <span class='ocrx_word' id='word_1_67' title='bbox 522 817 608 882; x_wconf 91' lang='lat' dir='ltr'>qui</span> <span class='ocrx_word' id='word_1_68' title='bbox 638 815 700 863; x_wconf 86' lang='lat' dir='ltr'>ad</span> <span class='ocrx_word' id='word_1_69' title='bbox 732 808 906 864; x_wconf 85' lang='lat' dir='ltr'>urbani</span> <span class='ocrx_word' id='word_1_70' title='bbox 933 818 1168 882; x_wconf 84' lang='lat' dir='ltr'>praetoris</span> <span class='ocrx_word' id='word_1_71' title='bbox 1188 820 1407 867; x_wconf 88' lang='lat' dir='ltr'>officium</span> <span class='ocrx_word' id='word_1_72' title='bbox 1425 838 1540 868; x_wconf 89' lang='lat' dir='ltr'>con·</span> 
     </span>
     <span class='ocr_line' id='line_1_11' title="bbox 120 884 1541 954; baseline 0.005 -24"><span class='ocrx_word' id='word_1_73' title='bbox 120 901 323 945; x_wconf 72' lang='lat' dir='ltr'>venen-‚e</span> <span class='ocrx_word' id='word_1_74' title='bbox 366 903 466 933; x_wconf 89' lang='lat' dir='ltr'>non</span> <span class='ocrx_word' id='word_1_75' title='bbox 497 885 607 932; x_wconf 88' lang='lat' dir='ltr'>sunt</span> <span class='ocrx_word' id='word_1_76' title='bbox 630 884 872 950; x_wconf 80' lang='lat' dir='ltr'>exp1·:ess&#39;a</span> <span class='ocrx_word' id='word_1_77' title='bbox 906 899 954 933; x_wconf 91' lang='lat' dir='ltr'>et</span> <span class='ocrx_word' id='word_1_78' title='bbox 975 885 1148 933; x_wconf 89' lang='lat' dir='ltr'>fimilia</span> <span class='ocrx_word' id='word_1_79' title='bbox 1169 888 1380 951; x_wconf 89' lang='lat' dir='ltr'>plurima</span> <span class='ocrx_word' id='word_1_80' title='bbox 1404 908 1541 954; x_wconf 73' lang='lat' dir='ltr'>piae-</span> 
     </span>
     <span class='ocr_line' id='line_1_12' title="bbox 120 952 1540 1021; baseline 0.004 -20"><span class='ocrx_word' id='word_1_81' title='bbox 120 953 277 1016; x_wconf 83' lang='lat' dir='ltr'>ceptis</span> <span class='ocrx_word' id='word_1_82' title='bbox 296 922 524 1002; x_wconf 84' lang='lat' dir='ltr'>historiae</span> <span class='ocrx_word' id='word_1_83' title='bbox 547 953 864 1015; x_wconf 68' lang='lat' dir='ltr'>diffonanfia,</span> <span class='ocrx_word' id='word_1_84' title='bbox 903 952 1176 1004; x_wconf 89' lang='lat' dir='ltr'>discurrere</span> <span class='ocrx_word' id='word_1_85' title='bbox 1200 974 1288 1021; x_wconf 88' lang='lat' dir='ltr'>per</span> <span class='ocrx_word' id='word_1_86' title='bbox 1319 959 1540 1021; x_wconf 86' lang='lat' dir='ltr'>negotio-</span> 
     </span>
     <span class='ocr_line' id='line_1_13' title="bbox 120 1021 1538 1084; baseline 0.004 -16"><span class='ocrx_word' id='word_1_87' title='bbox 120 1041 229 1069; x_wconf 86' lang='lat' dir='ltr'>rum</span> <span class='ocrx_word' id='word_1_88' title='bbox 264 1023 575 1071; x_wconf 86' lang='lat' dir='ltr'>celfitudines</span> <span class='ocrx_word' id='word_1_89' title='bbox 609 1021 857 1084; x_wconf 88' lang='lat' dir='ltr'>adsuetae,</span> <span class='ocrx_word' id='word_1_90' title='bbox 901 1041 1002 1070; x_wconf 92' lang='lat' dir='ltr'>non</span> <span class='ocrx_word' id='word_1_91' title='bbox 1022 1022 1286 1072; x_wconf 82' lang='lat' dir='ltr'>humilium</span> <span class='ocrx_word' id='word_1_92' title='bbox 1308 1027 1538 1074; x_wconf 80' lang='lat' dir='ltr'>minutias</span> 
     </span>
     <span class='ocr_line' id='line_1_14' title="bbox 119 1089 1538 1160; baseline 0.004 -24"><span class='ocrx_word' id='word_1_93' title='bbox 119 1089 360 1155; x_wconf 64' lang='lat' dir='ltr'>indagare?</span> <span class='ocrx_word' id='word_1_94' title='bbox 387 1092 664 1140; x_wconf 76' lang='lat' dir='ltr'>causarzum</span> <span class='ocrx_word' id='word_1_95' title='bbox 734 1109 851 1157; x_wconf 89' lang='lat' dir='ltr'>quas</span> <span class='ocrx_word' id='word_1_96' title='bbox 886 1090 922 1138; x_wconf 89' lang='lat' dir='ltr'><strong>fi</strong></span> <span class='ocrx_word' id='word_1_97' title='bbox 961 1091 1118 1138; x_wconf 87' lang='lat' dir='ltr'>scitari</span> <span class='ocrx_word' id='word_1_98' title='bbox 1162 1093 1371 1141; x_wconf 89' lang='lat' dir='ltr'>voluerit</span> <span class='ocrx_word' id='word_1_99' title='bbox 1407 1096 1538 1160; x_wconf 84' lang='lat' dir='ltr'>quis-</span> 
     </span>
     <span class='ocr_line' id='line_1_15' title="bbox 118 1159 1536 1226; baseline 0.004 -21.008"><span class='ocrx_word' id='word_1_100' title='bbox 118 1159 280 1224; x_wconf 86' lang='lat' dir='ltr'>piam,</span> <span class='ocrx_word' id='word_1_101' title='bbox 308 1161 563 1209; x_wconf 90' lang='lat' dir='ltr'>individua</span> <span class='ocrx_word' id='word_1_102' title='bbox 584 1161 665 1208; x_wconf 89' lang='lat' dir='ltr'>illa</span> <span class='ocrx_word' id='word_1_103' title='bbox 684 1160 971 1226; x_wconf 85' lang='lat' dir='ltr'>corpuscula</span> <span class='ocrx_word' id='word_1_104' title='bbox 993 1160 1244 1209; x_wconf 84' lang='lat' dir='ltr'>volitantia</span> <span class='ocrx_word' id='word_1_105' title='bbox 1267 1180 1354 1226; x_wconf 90' lang='lat' dir='ltr'>per</span> <span class='ocrx_word' id='word_1_106' title='bbox 1376 1163 1536 1226; x_wconf 85' lang='lat' dir='ltr'>inane,</span> 
     </span>
     <span class='ocr_line' id='line_1_16' title="bbox 118 1230 1538 1296; baseline 0.003 -20"><span class='ocrx_word' id='word_1_107' title='bbox 118 1242 337 1289; x_wconf 81' lang='lat' dir='ltr'>atomos,</span> <span class='ocrx_word' id='word_1_108' title='bbox 381 1245 435 1277; x_wconf 89' lang='lat' dir='ltr'>ut</span> <span class='ocrx_word' id='word_1_109' title='bbox 464 1249 553 1278; x_wconf 90' lang='lat' dir='ltr'>nos</span> <span class='ocrx_word' id='word_1_110' title='bbox 587 1230 915 1295; x_wconf 77' lang='lat' dir='ltr'>adpellamus,</span> <span class='ocrx_word' id='word_1_111' title='bbox 959 1230 1205 1277; x_wconf 87' lang='lat' dir='ltr'>numerari</span> <span class='ocrx_word' id='word_1_112' title='bbox 1224 1230 1356 1295; x_wconf 85' lang='lat' dir='ltr'>polse</span> <span class='ocrx_word' id='word_1_113' title='bbox 1380 1231 1538 1296; x_wconf 89' lang='lat' dir='ltr'>spera-</span> 
     </span>
     <span class='ocr_line' id='line_1_17' title="bbox 118 1297 1584 1364; baseline 0.002 -19"><span class='ocrx_word' id='word_1_114' title='bbox 118 1297 207 1345; x_wconf 81' lang='lat' dir='ltr'>bit.</span> <span class='ocrx_word' id='word_1_115' title='bbox 284 1299 421 1347; x_wconf 91' lang='lat' dir='ltr'>Haec</span> <span class='ocrx_word' id='word_1_116' title='bbox 444 1298 646 1364; x_wconf 86' lang='lat' dir='ltr'>quidam</span> <span class='ocrx_word' id='word_1_117' title='bbox 668 1313 887 1346; x_wconf 88' lang='lat' dir='ltr'>veterum</span> <span class='ocrx_word' id='word_1_118' title='bbox 914 1298 1233 1346; x_wconf 84' lang='lat' dir='ltr'>formidantes</span> <span class='ocrx_word' id='word_1_119' title='bbox 1249 1337 1261 1360; x_wconf 91' lang='lat'>‚</span> <span class='ocrx_word' id='word_1_120' title='bbox 1298 1302 1536 1364; x_wconf 86' lang='lat' dir='ltr'>cognitio-</span> <span class='ocrx_word' id='word_1_121' title='bbox 1557 1317 1584 1342; x_wconf 63' lang='grc' dir='ltr'><strong><em>Ζ</em></strong></span> 
     </span>
     <span class='ocr_line' id='line_1_18' title="bbox 119 1367 1538 1432; baseline 0.004 -19"><span class='ocrx_word' id='word_1_122' title='bbox 119 1384 205 1413; x_wconf 90' lang='lat' dir='ltr'>nes</span> <span class='ocrx_word' id='word_1_123' title='bbox 225 1382 424 1415; x_wconf 84' lang='lat' dir='ltr'>actuum</span> <span class='ocrx_word' id='word_1_124' title='bbox 461 1369 707 1416; x_wconf 85' lang='lat' dir='ltr'>variorum</span> <span class='ocrx_word' id='word_1_125' title='bbox 734 1367 851 1415; x_wconf 84' lang='lat' dir='ltr'>stilis</span> <span class='ocrx_word' id='word_1_126' title='bbox 888 1367 1120 1414; x_wconf 87' lang='lat' dir='ltr'>uberibus</span> <span class='ocrx_word' id='word_1_127' title='bbox 1153 1369 1415 1432; x_wconf 85' lang='lat' dir='ltr'>explicatas</span> <span class='ocrx_word' id='word_1_128' title='bbox 1437 1389 1538 1418; x_wconf 86' lang='lat' dir='ltr'>nou</span> 
     </span>
     <span class='ocr_line' id='line_1_19' title="bbox 122 1434 1538 1501; baseline 0.004 -19"><span class='ocrx_word' id='word_1_129' title='bbox 122 1434 323 1485; x_wconf 85' lang='lat' dir='ltr'>edidere</span> <span class='ocrx_word' id='word_1_130' title='bbox 345 1436 639 1501; x_wconf 81' lang='lat' dir='ltr'>superstites,</span> <span class='ocrx_word' id='word_1_131' title='bbox 670 1451 724 1484; x_wconf 90' lang='lat' dir='ltr'>ut</span> <span class='ocrx_word' id='word_1_132' title='bbox 747 1437 795 1484; x_wconf 88' lang='lat' dir='ltr'>in</span> <span class='ocrx_word' id='word_1_133' title='bbox 819 1436 1030 1501; x_wconf 86' lang='lat' dir='ltr'>quadam</span> <span class='ocrx_word' id='word_1_134' title='bbox 1050 1435 1112 1482; x_wconf 87' lang='lat' dir='ltr'>ad</span> <span class='ocrx_word' id='word_1_135' title='bbox 1134 1437 1417 1485; x_wconf 86' lang='lat' dir='ltr'>Cornelium</span> <span class='ocrx_word' id='word_1_136' title='bbox 1440 1439 1538 1487; x_wconf 87' lang='lat' dir='ltr'>Ne·</span> 
     </span>
     <span class='ocr_line' id='line_1_20' title="bbox 118 1504 1537 1570; baseline 0.003 -19"><span class='ocrx_word' id='word_1_137' title='bbox 118 1518 289 1568; x_wconf 84' lang='lat' dir='ltr'>potem</span> <span class='ocrx_word' id='word_1_138' title='bbox 315 1506 514 1570; x_wconf 89' lang='lat' dir='ltr'>epistola</span> <span class='ocrx_word' id='word_1_139' title='bbox 539 1506 731 1553; x_wconf 89' lang='lat' dir='ltr'>Tullius</span> <span class='ocrx_word' id='word_1_140' title='bbox 753 1523 950 1569; x_wconf 86' lang='lat' dir='ltr'>quoque</span> <span class='ocrx_word' id='word_1_141' title='bbox 975 1504 1102 1552; x_wconf 87' lang='lat' dir='ltr'>testis</span> <span class='ocrx_word' id='word_1_142' title='bbox 1134 1506 1430 1554; x_wconf 88' lang='lat' dir='ltr'>reverendus</span> <span class='ocrx_word' id='word_1_143' title='bbox 1453 1507 1537 1555; x_wconf 84' lang='lat' dir='ltr'>ad-</span> 
     </span>
     <span class='ocr_line' id='line_1_21' title="bbox 118 1573 1535 1638; baseline 0.003 -18"><span class='ocrx_word' id='word_1_144' title='bbox 118 1574 298 1621; x_wconf 86' lang='lat' dir='ltr'>firmat.</span> <span class='ocrx_word' id='word_1_145' title='bbox 332 1574 546 1622; x_wconf 86' lang='lat' dir='ltr'>Proinde</span> <span class='ocrx_word' id='word_1_146' title='bbox 575 1575 765 1621; x_wconf 87' lang='lat' dir='ltr'>inscitia</span> <span class='ocrx_word' id='word_1_147' title='bbox 795 1573 982 1638; x_wconf 80' lang='lat' dir='ltr'>vulgari</span> <span class='ocrx_word' id='word_1_148' title='bbox 1001 1587 1300 1638; x_wconf 87' lang='lat' dir='ltr'>contempta,</span> <span class='ocrx_word' id='word_1_149' title='bbox 1340 1575 1402 1623; x_wconf 88' lang='lat' dir='ltr'>ad</span> <span class='ocrx_word' id='word_1_150' title='bbox 1426 1577 1535 1624; x_wconf 84' lang='lat' dir='ltr'>reli-</span> 
     </span>
     <span class='ocr_line' id='line_1_22' title="bbox 122 1640 782 1708; baseline -0.003 -18"><span class='ocrx_word' id='word_1_151' title='bbox 122 1640 218 1690; x_wconf 86' lang='lat' dir='ltr'>dua</span> <span class='ocrx_word' id='word_1_152' title='bbox 249 1643 487 1691; x_wconf 86' lang='lat' dir='ltr'>narranda</span> <span class='ocrx_word' id='word_1_153' title='bbox 510 1661 782 1708; x_wconf 86' lang='lat' dir='ltr'>pergamus.</span> 
     </span>
    </p>

    <p class='ocr_par' dir='ltr' id='par_1_3' title="bbox 116 1709 1583 2328">
     <span class='ocr_line' id='line_1_23' title="bbox 220 1709 1583 1767; baseline 0.001 -9"><span class='ocrx_word' id='word_1_154' title='bbox 220 1713 327 1760; x_wconf 88' lang='lat' dir='ltr'>Hac</span> <span class='ocrx_word' id='word_1_155' title='bbox 361 1713 655 1761; x_wconf 87' lang='lat' dir='ltr'>volubilium</span> <span class='ocrx_word' id='word_1_156' title='bbox 690 1711 889 1760; x_wconf 84' lang='lat' dir='ltr'>casuum</span> <span class='ocrx_word' id='word_1_157' title='bbox 919 1709 1110 1759; x_wconf 85' lang='lat' dir='ltr'>diritate</span> <span class='ocrx_word' id='word_1_158' title='bbox 1142 1712 1273 1760; x_wconf 86' lang='lat' dir='ltr'>exitu</span> <span class='ocrx_word' id='word_1_159' title='bbox 1308 1711 1532 1760; x_wconf 86' lang='lat' dir='ltr'>luctuoso</span> <span class='ocrx_word' id='word_1_160' title='bbox 1553 1724 1583 1767; x_wconf 81' lang='lat'>3</span> 
     </span>
     <span class='ocr_line' id='line_1_24' title="bbox 116 1780 1537 1846; baseline -0.002 -15"><span class='ocrx_word' id='word_1_161' title='bbox 116 1780 282 1843; x_wconf 79' lang='lat' dir='ltr'>finita,</span> <span class='ocrx_word' id='word_1_162' title='bbox 330 1781 568 1846; x_wconf 86' lang='lat' dir='ltr'>obituque</span> <span class='ocrx_word' id='word_1_163' title='bbox 602 1781 906 1829; x_wconf 86' lang='lat' dir='ltr'>intervallato</span> <span class='ocrx_word' id='word_1_164' title='bbox 937 1780 1075 1828; x_wconf 88' lang='lat' dir='ltr'>brevi</span> <span class='ocrx_word' id='word_1_165' title='bbox 1102 1794 1323 1846; x_wconf 87' lang='lat' dir='ltr'>tempore</span> <span class='ocrx_word' id='word_1_166' title='bbox 1351 1780 1537 1828; x_wconf 84' lang='lat' dir='ltr'>Princi-</span> 
     </span>
     <span class='ocr_line' id='line_1_25' title="bbox 118 1848 1537 1928; baseline -0.002 -29"><span class='ocrx_word' id='word_1_167' title='bbox 118 1869 266 1917; x_wconf 86' lang='lat' dir='ltr'>pum,</span> <span class='ocrx_word' id='word_1_168' title='bbox 296 1868 504 1928; x_wconf 81' lang='lat' dir='ltr'>corpore</span> <span class='ocrx_word' id='word_1_169' title='bbox 525 1865 692 1898; x_wconf 84' lang='lat' dir='ltr'>curato</span> <span class='ocrx_word' id='word_1_170' title='bbox 718 1849 962 1910; x_wconf 83' lang='lat' dir='ltr'>defuncti,</span> <span class='ocrx_word' id='word_1_171' title='bbox 1007 1848 1244 1915; x_wconf 82' lang='lat' dir='ltr'>miffoque</span> <span class='ocrx_word' id='word_1_172' title='bbox 1268 1849 1537 1898; x_wconf 83' lang='lat' dir='ltr'>Constanti-</span> 
     </span>
     <span class='ocr_line' id='line_1_26' title="bbox 119 1918 1534 1986; baseline -0.002 -18"><span class='ocrx_word' id='word_1_173' title='bbox 119 1919 300 1986; x_wconf 84' lang='lat' dir='ltr'>polim,</span> <span class='ocrx_word' id='word_1_174' title='bbox 353 1934 409 1966; x_wconf 84' lang='lat' dir='ltr'>ut</span> <span class='ocrx_word' id='word_1_175' title='bbox 440 1919 567 1967; x_wconf 84' lang='lat' dir='ltr'>inter</span> <span class='ocrx_word' id='word_1_176' title='bbox 601 1919 933 1982; x_wconf 68' lang='lat' dir='ltr'>Augustorum</span> <span class='ocrx_word' id='word_1_177' title='bbox 963 1918 1189 1982; x_wconf 84' lang='lat' dir='ltr'>reliquias</span> <span class='ocrx_word' id='word_1_178' title='bbox 1222 1921 1534 1978; x_wconf 69' lang='lat' dir='ltr'>conderetui,</span> 
     </span>
     <span class='ocr_line' id='line_1_27' title="bbox 117 1987 1534 2055; baseline -0.003 -18"><span class='ocrx_word' id='word_1_179' title='bbox 117 1987 368 2055; x_wconf 68' lang='lat' dir='ltr'>progresso</span> <span class='ocrx_word' id='word_1_180' title='bbox 403 1987 638 2036; x_wconf 84' lang='lat' dir='ltr'>Nicaeam</span> <span class='ocrx_word' id='word_1_181' title='bbox 671 1987 831 2035; x_wconf 84' lang='lat' dir='ltr'>versus</span> <span class='ocrx_word' id='word_1_182' title='bbox 864 1987 1101 2048; x_wconf 83' lang='lat' dir='ltr'>exercitu,</span> <span class='ocrx_word' id='word_1_183' title='bbox 1144 2005 1267 2051; x_wconf 85' lang='lat' dir='ltr'>quae</span> <span class='ocrx_word' id='word_1_184' title='bbox 1295 1989 1345 2035; x_wconf 91' lang='lat' dir='ltr'>in</span> <span class='ocrx_word' id='word_1_185' title='bbox 1365 1988 1534 2052; x_wconf 60' lang='lat' dir='ltr'>Bith)-</span> 
     </span>
     <span class='ocr_line' id='line_1_28' title="bbox 119 2054 1530 2120; baseline -0.004 -14"><span class='ocrx_word' id='word_1_186' title='bbox 119 2059 202 2106; x_wconf 88' lang='lat' dir='ltr'>nia</span> <span class='ocrx_word' id='word_1_187' title='bbox 235 2071 388 2105; x_wconf 88' lang='lat' dir='ltr'>mater</span> <span class='ocrx_word' id='word_1_188' title='bbox 415 2057 479 2105; x_wconf 81' lang='lat' dir='ltr'>est</span> <span class='ocrx_word' id='word_1_189' title='bbox 506 2076 563 2104; x_wconf 88' lang='grc' dir='ltr'>ιιι</span> <span class='ocrx_word' id='word_1_190' title='bbox 568 2057 723 2118; x_wconf 74' lang='lat' dir='ltr'>bium,</span> <span class='ocrx_word' id='word_1_191' title='bbox 756 2054 1044 2120; x_wconf 87' lang='lat' dir='ltr'>potestatum</span> <span class='ocrx_word' id='word_1_192' title='bbox 1064 2056 1284 2103; x_wconf 87' lang='lat' dir='ltr'>civilium</span> <span class='ocrx_word' id='word_1_193' title='bbox 1307 2056 1530 2103; x_wconf 85' lang='lat' dir='ltr'>militiae-</span> 
     </span>
     <span class='ocr_line' id='line_1_29' title="bbox 122 2123 1532 2192; baseline -0.003 -18"><span class='ocrx_word' id='word_1_194' title='bbox 122 2144 218 2192; x_wconf 90' lang='lat' dir='ltr'>que</span> <span class='ocrx_word' id='word_1_195' title='bbox 239 2140 451 2174; x_wconf 86' lang='lat' dir='ltr'>rectores</span> <span class='ocrx_word' id='word_1_196' title='bbox 473 2124 810 2190; x_wconf 82' lang='lat' dir='ltr'>magnitudine</span> <span class='ocrx_word' id='word_1_197' title='bbox 832 2135 1059 2172; x_wconf 87' lang='lat' dir='ltr'>curarum</span> <span class='ocrx_word' id='word_1_198' title='bbox 1082 2123 1297 2171; x_wconf 83' lang='lat' dir='ltr'>adstricti</span> <span class='ocrx_word' id='word_1_199' title='bbox 1315 2142 1532 2171; x_wconf 85' lang='lat' dir='ltr'>commu·</span> 
     </span>
     <span class='ocr_line' id='line_1_30' title="bbox 120 2191 1530 2260; baseline -0.004 -17"><span class='ocrx_word' id='word_1_200' title='bbox 120 2196 286 2254; x_wconf 87' lang='lat' dir='ltr'>nium,</span> <span class='ocrx_word' id='word_1_201' title='bbox 325 2194 550 2260; x_wconf 86' lang='lat' dir='ltr'>interque</span> <span class='ocrx_word' id='word_1_202' title='bbox 582 2212 664 2242; x_wconf 91' lang='lat' dir='ltr'>eos</span> <span class='ocrx_word' id='word_1_203' title='bbox 687 2193 888 2259; x_wconf 88' lang='lat' dir='ltr'>quidam</span> <span class='ocrx_word' id='word_1_204' title='bbox 917 2192 998 2257; x_wconf 85' lang='lat' dir='ltr'>spe</span> <span class='ocrx_word' id='word_1_205' title='bbox 1035 2210 1153 2239; x_wconf 87' lang='lat' dir='ltr'>vana</span> <span class='ocrx_word' id='word_1_206' title='bbox 1180 2191 1382 2253; x_wconf 81' lang='lat' dir='ltr'>sufflati,</span> <span class='ocrx_word' id='word_1_207' title='bbox 1426 2209 1530 2239; x_wconf 91' lang='lat' dir='ltr'>mo-</span> 
     </span>
     <span class='ocr_line' id='line_1_31' title="bbox 122 2261 1499 2328; baseline -0.004 -15"><span class='ocrx_word' id='word_1_208' title='bbox 122 2264 400 2313; x_wconf 88' lang='lat' dir='ltr'>deratorem</span> <span class='ocrx_word' id='word_1_209' title='bbox 420 2263 757 2328; x_wconf 87' lang='lat' dir='ltr'>quaeritabant</span> <span class='ocrx_word' id='word_1_210' title='bbox 780 2261 866 2309; x_wconf 91' lang='lat' dir='ltr'>diu</span> <span class='ocrx_word' id='word_1_211' title='bbox 889 2263 1193 2326; x_wconf 86' lang='lat' dir='ltr'>exploratum</span> <span class='ocrx_word' id='word_1_212' title='bbox 1214 2275 1260 2308; x_wconf 91' lang='lat' dir='ltr'>et</span> <span class='ocrx_word' id='word_1_213' title='bbox 1289 2278 1499 2324; x_wconf 68' lang='lat' dir='ltr'>gravem.</span> 
     </span>
    </p>

    <p class='ocr_par' dir='ltr' id='par_1_4' title="bbox 119 2329 1578 2738">
     <span class='ocr_line' id='line_1_32' title="bbox 226 2329 1578 2395; baseline -0.006 -15"><span class='ocrx_word' id='word_1_214' title='bbox 226 2332 289 2380; x_wconf 86' lang='lat' dir='ltr'>Et</span> <span class='ocrx_word' id='word_1_215' title='bbox 311 2350 507 2380; x_wconf 87' lang='lat' dir='ltr'>rumore</span> <span class='ocrx_word' id='word_1_216' title='bbox 532 2345 671 2380; x_wconf 89' lang='lat' dir='ltr'>tenus</span> <span class='ocrx_word' id='word_1_217' title='bbox 694 2329 910 2379; x_wconf 90' lang='lat' dir='ltr'>obscuris</span> <span class='ocrx_word' id='word_1_218' title='bbox 935 2347 1202 2395; x_wconf 75' lang='lat' dir='ltr'>paucoium</span> <span class='ocrx_word' id='word_1_219' title='bbox 1222 2329 1423 2375; x_wconf 80' lang='lat' dir='ltr'>susurris</span> <span class='ocrx_word' id='word_1_220' title='bbox 1445 2348 1529 2377; x_wconf 82' lang='lat' dir='ltr'>no·</span> <span class='ocrx_word' id='word_1_221' title='bbox 1548 2332 1578 2386; x_wconf 83' lang='lat' dir='ltr'><em>l</em></span> 
     </span>
     <span class='ocr_line' id='line_1_33' title="bbox 120 2397 1531 2466; baseline -0.003 -17"><span class='ocrx_word' id='word_1_222' title='bbox 120 2419 234 2450; x_wconf 89' lang='lat' dir='ltr'>men</span> <span class='ocrx_word' id='word_1_223' title='bbox 256 2401 691 2466; x_wconf 86' lang='lat' dir='ltr'>praestringebatur</span> <span class='ocrx_word' id='word_1_224' title='bbox 709 2398 923 2465; x_wconf 75' lang='lat' dir='ltr'>Equitii,</span> <span class='ocrx_word' id='word_1_225' title='bbox 953 2399 1146 2446; x_wconf 79' lang='lat' dir='ltr'>scholae</span> <span class='ocrx_word' id='word_1_226' title='bbox 1166 2397 1349 2461; x_wconf 87' lang='lat' dir='ltr'>primae</span> <span class='ocrx_word' id='word_1_227' title='bbox 1379 2398 1531 2445; x_wconf 86' lang='lat' dir='ltr'>scuta-</span> 
     </span>
     <span class='ocr_line' id='line_1_34' title="bbox 121 2465 1530 2532; baseline -0.004 -14"><span class='ocrx_word' id='word_1_228' title='bbox 121 2470 308 2518; x_wconf 85' lang='lat' dir='ltr'>riorum</span> <span class='ocrx_word' id='word_1_229' title='bbox 342 2470 486 2518; x_wconf 80' lang='lat' dir='ltr'>etiam</span> <span class='ocrx_word' id='word_1_230' title='bbox 518 2484 620 2516; x_wconf 87' lang='lat' dir='ltr'>tum</span> <span class='ocrx_word' id='word_1_231' title='bbox 650 2468 863 2516; x_wconf 89' lang='lat' dir='ltr'>tribuni:</span> <span class='ocrx_word' id='word_1_232' title='bbox 906 2468 991 2532; x_wconf 89' lang='lat' dir='ltr'>qui</span> <span class='ocrx_word' id='word_1_233' title='bbox 1021 2484 1132 2513; x_wconf 87' lang='lat' dir='ltr'>cum</span> <span class='ocrx_word' id='word_1_234' title='bbox 1166 2465 1413 2529; x_wconf 88' lang='lat' dir='ltr'>potiorum</span> <span class='ocrx_word' id='word_1_235' title='bbox 1450 2485 1530 2514; x_wconf 88' lang='lat' dir='ltr'>au-</span> 
     </span>
     <span class='ocr_line' id='line_1_35' title="bbox 119 2534 1529 2603; baseline -0.003 -17"><span class='ocrx_word' id='word_1_236' title='bbox 119 2539 346 2587; x_wconf 85' lang='lat' dir='ltr'>ctoritate</span> <span class='ocrx_word' id='word_1_237' title='bbox 370 2537 702 2603; x_wconf 84' lang='lat' dir='ltr'>displicuilset,</span> <span class='ocrx_word' id='word_1_238' title='bbox 738 2552 792 2585; x_wconf 89' lang='lat' dir='ltr'>ut</span> <span class='ocrx_word' id='word_1_239' title='bbox 811 2536 947 2599; x_wconf 73' lang='lat' dir='ltr'>aspen</span> <span class='ocrx_word' id='word_1_240' title='bbox 969 2549 1015 2582; x_wconf 90' lang='lat' dir='ltr'>et</span> <span class='ocrx_word' id='word_1_241' title='bbox 1038 2534 1347 2598; x_wconf 72' lang='lat' dir='ltr'>subagtestis·</span> <span class='ocrx_word' id='word_1_242' title='bbox 1382 2549 1529 2582; x_wconf 84' lang='lat' dir='ltr'>traus-</span> 
     </span>
     <span class='ocr_line' id='line_1_36' title="bbox 121 2573 1528 2672; baseline -0.003 -18"><span class='ocrx_word' id='word_1_243' title='bbox 121 2608 217 2655; x_wconf 88' lang='lat' dir='ltr'>lata</span> <span class='ocrx_word' id='word_1_244' title='bbox 245 2608 311 2656; x_wconf 89' lang='lat' dir='ltr'>est</span> <span class='ocrx_word' id='word_1_245' title='bbox 342 2607 620 2672; x_wconf 84' lang='lat' dir='ltr'>suffragatio</span> <span class='ocrx_word' id='word_1_246' title='bbox 650 2606 811 2654; x_wconf 87' lang='lat' dir='ltr'>levis</span> <span class='ocrx_word' id='word_1_247' title='bbox 799 2624 850 2651; x_wconf 87' lang='lat' dir='ltr'>m</span> <span class='ocrx_word' id='word_1_248' title='bbox 881 2603 1159 2651; x_wconf 68' lang='lat' dir='ltr'>Ianuarium</span> <span class='ocrx_word' id='word_1_249' title='bbox 1191 2573 1381 2650; x_wconf 71' lang='lat' dir='ltr'>Ioviaiii</span> <span class='ocrx_word' id='word_1_250' title='bbox 1411 2603 1528 2650; x_wconf 80' lang='lat' dir='ltr'>adfi-</span> 
     </span>
     <span class='ocr_line' id='line_1_37' title="bbox 124 2671 1528 2738; baseline -0.003 -16"><span class='ocrx_word' id='word_1_251' title='bbox 124 2694 262 2738; x_wconf 81' lang='lat' dir='ltr'>nem,</span> <span class='ocrx_word' id='word_1_252' title='bbox 313 2690 562 2724; x_wconf 87' lang='lat' dir='ltr'>curantem</span> <span class='ocrx_word' id='word_1_253' title='bbox 599 2674 923 2730; x_wconf 84' lang='lat' dir='ltr'>summitatem</span> <span class='ocrx_word' id='word_1_254' title='bbox 967 2671 1290 2719; x_wconf 80' lang='lat' dir='ltr'>neceffitatum</span> <span class='ocrx_word' id='word_1_255' title='bbox 1329 2672 1528 2719; x_wconf 84' lang='lat' dir='ltr'>castren-</span> 
     </span>
    </p>
   </div>
   <div class='ocr_carea' id='block_1_3' title="bbox 125 2739 1579 2856">
    <p class='ocr_par' dir='ltr' id='par_1_5' title="bbox 125 2739 1579 2856">
     <span class='ocr_line' id='line_1_38' title="bbox 125 2739 1579 2856; baseline -0.001 -65"><span class='ocrx_word' id='word_1_256' title='bbox 125 2743 244 2792; x_wconf 77' lang='lat' dir='ltr'>sium</span> <span class='ocrx_word' id='word_1_257' title='bbox 269 2763 355 2810; x_wconf 74' lang='lat' dir='ltr'>pei</span> <span class='ocrx_word' id='word_1_258' title='bbox 378 2746 642 2811; x_wconf 87' lang='lat' dir='ltr'>Illyricum.</span> <span class='ocrx_word' id='word_1_259' title='bbox 717 2740 1024 2856; x_wconf 77' lang='lat' dir='ltr'>QuoCitidem</span> <span class='ocrx_word' id='word_1_260' title='bbox 1041 2739 1230 2805; x_wconf 77' lang='lat' dir='ltr'>1pr‚eto</span> <span class='ocrx_word' id='word_1_261' title='bbox 1276 2741 1407 2805; x_wconf 84' lang='lat' dir='ltr'>quia</span> <span class='ocrx_word' id='word_1_262' title='bbox 1422 2759 1531 2804; x_wconf 84' lang='lat' dir='ltr'>pro·</span> <span class='ocrx_word' id='word_1_263' title='bbox 1550 2753 1579 2798; x_wconf 86' lang='lat'><strong><em>5</em></strong></span> 
     </span>
     <span class='ocr_line' id='line_1_39' title="bbox 886 2823 971 2854; baseline -0.012 0"><span class='ocrx_word' id='word_1_264' title='bbox 886 2827 911 2854; x_wconf 87' lang='lat' dir='ltr'>c</span> <span class='ocrx_word' id='word_1_265' title='bbox 946 2823 971 2853; x_wconf 77' lang='lat'><em>2</em></span> 
     </span>
    </p>
   </div>
  </div>
 </body>
</html>
