1727 3144
360 166 688 197 AMMIANI
759 164 1248 197 MARCELLINI.
1418 172 1508 203 CXV

104 276 214 323 dem
238 293 328 340 pro
349 289 485 340 parte
510 274 768 322 translatis.
848 273 985 321 Haec
1014 291 1140 322 nova
1170 293 1334 323 rerum
1363 279 1512 328 facies

101 360 149 392 et
170 343 340 392 divisio
364 345 506 392 traxit
527 345 670 391 aliam
693 345 745 391 in
764 344 1025 408 Rempubl.
1056 346 1513 410 commutationem,

100 428 148 461 et
180 428 332 461 totam
364 414 756 478 magistratuum,
798 433 853 461 ac
885 413 1060 462 veteris
1080 412 1513 464 administrationis

97 482 194 530 five
226 484 382 531 civilis
418 484 514 531 live
544 484 750 531 bellicae
782 483 1023 530 rationem
1052 483 1301 547 pervertit.
1383 485 1516 534 Nam

100 551 282 616 duplex
305 552 675 617 quodammodo
696 552 901 617 Imperii
931 566 1079 616 caput
1113 552 1333 617 duplices
1366 555 1511 602 etiam

98 621 402 685 magistratus
431 622 687 686 exigebat,
727 641 850 687 quos
881 620 964 669 ille
997 621 1147 670 semel
1186 623 1246 669 ab
1286 623 1514 671 institutis

100 704 320 738 veterum
353 691 548 752 devius,
596 690 659 738 ad
684 689 826 739 suum
858 692 1116 738 arbitrium
1152 706 1199 739 et
1235 711 1325 756 pro
1365 708 1516 757 captu

99 773 381 824 temporum
408 761 718 823 informavit,
761 761 1039 826 provincias
1068 762 1208 808 aliter
1237 760 1513 826 descripsit3

101 829 411 893 disciplinam
439 830 701 877 militarem
731 830 876 894 longe
907 829 1044 878 secus
1072 830 1339 878 constituit,
1414 832 1448 879 F
1453 851 1514 878 a-

99 901 304 946 tendum
349 914 518 946 tamen*
559 900 647 961 est,
691 901 844 947 multa
882 919 993 947 eum
1031 914 1161 947 recte
1194 900 1246 946 in
1283 901 1512 949 civilibus

102 968 399 1030 emendasse,
433 988 488 1016 ac
510 969 644 1017 bono
669 969 872 1017 confilio
903 988 963 1017 ex¹
990 969 1194 1018 horrida
1225 970 1514 1034 antiquitate

99 1040 335 1103 pleraque
356 1037 580 1086 mutasse:
616 1033 1295 1106 denique·Iurisprudentiam
1326 1040 1515 1086 clario—

100 1106 205 1155 rem
234 1107 681 1172 fimplicioremque
703 1107 980 1156 reddidisse.
1053 1109 1181 1156 Nam
1205 1107 1342 1173 quod
1364 1127 1515 1172 prae-

100 1191 175 1225 ter
193 1192 380 1224 ceteros
413 1176 712 1225 Christianae
743 1178 812 1225 rei
842 1178 1130 1240 contulerit,
1181 1193 1518 1243 quantumque

99 1247 415 1312 pomoerium
445 1247 546 1293 eius
578 1247 795 1307 auxerit,
853 1261 900 1293 et
931 1266 1030 1311 quo
1065 1247 1225 1293 studio
1269 1246 1517 1293 nascentes

101 1333 291 1363 errores
313 1314 546 1362 suffocare
564 1316 832 1372 curaverit,
864 1329 1182 1362 monumenta
1214 1314 1517 1362 Ecclesiasti-

102 1404 159 1432 ca
181 1385 468 1448 loquuntur.
540 1382 642 1429 Sed
660 1400 759 1429 non
783 1382 1068 1446 persequar,
1115 1384 1171 1430 iu,
1198 1402 1315 1447 quas
1345 1383 1515 1431 laudes

101 1468 185 1502 aut
214 1450 612 1516 reprehensiones
639 1450 893 1498 inciderit:
938 1451 1138 1515 lignabz)
1172 1466 1361 1498 tantum
1393 1453 1516 1517 quid

102 1521 532 1571 animadverterim
560 1519 668 1583 post
696 1520 799 1565 eius
830 1533 1080 1583 tempora,
1117 1521 1166 1565 in
1207 1521 1291 1567 illa
1323 1522 1519 1586 bicipiti

101 1592 375 1657 Republica
397 1590 525 1636 circa
547 1587 804 1651 potestates
826 1589 1152 1635 observatum.

205 1661 278 1708 Ex
303 1658 596 1717 Ammiano,
628 1654 853 1717 Zofimo,
899 1657 1038 1703 libris
1070 1657 1287 1721 Legum,
1331 1672 1379 1704 ct
1410 1659 1516 1705 aliis

101 1729 408 1779 Auctoribus
429 1724 776 1791 deprehendo,
807 1726 873 1772 ita
898 1745 984 1790 per
1012 1726 1134 1774 haec
1166 1741 1388 1790 tempora
1417 1746 1519 1791 po—

101 1798 362 1848 testates‘in
384 1811 596 1860 utroque
620 1795 838 1859 Imperio
859 1796 1091 1858 tributas,
1120 1810 1175 1842 ut
1196 1796 1316 1842 aliae
1351 1797 1517 1844 civiles

105 1869 255 1919 effent
275 1881 321 1915 et
340 1864 643 1926 ordinariae3
674 1864 796 1911 aliae
817 1865 1077 1928 militares,
1105 1865 1225 1912 aliae
1249 1867 1518 1929 palatinae3

103 1941 227 1988 aliae
249 1935 586 1999 municipales.
661 1934 840 1982 Civiles
865 1948 911 1982 et
938 1934 1173 1982 ordinarii
1196 1934 1514 1998 magistratus,

105 2005 465 2066 five==·1udices,
517 2019 653 2052 erant
690 2002 970 2051 Praefectus
1016 2004 1297 2064 Praetoris),
1360 2003 1514 2051 Prae——

104 2080 261 2127 fectus
289 2075 443 2134 Urbi,
483 2087 582 2120 tam
621 2073 830 2134 Romae,
882 2092 1029 2138 quam
1071 2073 1516 2136 Constantinopoli,

107 2147 212 2214 (hic
240 2146 366 2194 enim
400 2144 529 2191 circa
565 2142 867 2190 Constantini
898 2157 1119 2208 tempora
1154 2143 1339 2206 primus
1376 2142 1517 2187 insti-

106 2231 239 2265 tutus
264 2215 355 2274 est,
385 2226 442 2259 ut
462 2211 769 2260 Calliodorus
788 2212 838 2258 in
862 2212 1111 2260 Chronico
1136 2213 1222 2276 ait)
1246 2227 1516 2273 eorumque

108 2284 319 2335 Vicarii.·
384 2282 475 2328 His
498 2280 624 2328 adde
646 2281 766 2328 alios
788 2281 971 2328 Romae
996 2281 1311 2347 magistratus.
1366 2280 1518 2325 Erant

109 2356 256 2404 etiam
278 2350 540 2411 ordinarii,
573 2351 748 2398 Comes
776 2350 1013 2409 Orientis,
1037 2350 1286 2414 ceterique
1310 2348 1519 2411 provin-

107 2427 294 2473 ciarum
332 2434 569 2480 rectores,
619 2419 714 2467 five
749 2420 1063 2481 Consulares,
1109 2420 1204 2466 live
1249 2420 1519 2465 Con-ecto-

111 2513 186 2542 res
214 2493 375 2541 essent.
457 2487 663 2538 Comitis
698 2489 914 2536 Orientis
946 2490 1128 2554 (inquit
1167 2485 1390 2534 Zosimus
1429 2485 1515 2531 lib.

111 2565 180 2628 v.)
205 2581 259 2610 ea
282 2561 489 2626 potestas
513 2558 600 2618 cst,
637 2571 692 2605 ut
715 2558 798 2623 qui
823 2577 928 2605 eam
952 2559 1101 2621 gerit,
1141 2555 1368 2603 omnihus
1394 2571 1518 2618 pro-

111 2632 294 2680 vincias
321 2628 538 2678 Orientis
567 2627 1012 2675 administrantibus
1041 2624 1238 2691 prae-fit,
1283 2637 1330 2670 et
1363 2640 1519 2688 quae-—

112 2719 325 2766 cumque
355 2717 455 2747 non
496 2711 703 2761 aguntur
738 2711 793 2744 ut
832 2717 919 2761 par
963 2697 1052 2755 est,
1110 2691 1351 2742 emendet.
1452 2692 1520 2738 At

113 2769 395 2819 Praefectus
424 2767 704 2829 Praetorio,
744 2768 810 2814 ait
842 2766 974 2813 idem
1015 2766 1100 2811 lib.
1136 2781 1193 2817 ιι,
1220 2761 1521 2825 magistratus

774 2835 809 2880 h
845 2851 868 2880 2
