<?xml version="1.0" encoding="UTF-8"?>
<!DOCTYPE html PUBLIC "-//W3C//DTD XHTML 1.0 Transitional//EN"
    "http://www.w3.org/TR/xhtml1/DTD/xhtml1-transitional.dtd">
<html xmlns="http://www.w3.org/1999/xhtml" xml:lang="en" lang="en">
 <head>
  <title>
</title>
<meta http-equiv="Content-Type" content="text/html;charset=utf-8" />
  <meta name='ocr-system' content='tesseract 3.04.00' />
  <meta name='ocr-capabilities' content='ocr_page ocr_carea ocr_par ocr_line ocrx_word'/>
</head>
<body>
  <div class='ocr_page' id='page_1' title='image "ammianimarcellin01ammiuoft_0341.png"; bbox 0 0 1727 3144; ppageno 0'>
   <div class='ocr_carea' id='block_1_1' title="bbox 223 139 1496 202">
    <p class='ocr_par' dir='ltr' id='par_1_1' title="bbox 223 139 1496 202">
     <span class='ocr_line' id='line_1_1' title="bbox 223 139 1496 202; baseline 0.001 -19"><span class='ocrx_word' id='word_1_1' title='bbox 223 151 664 183; x_wconf 65' lang='lat' dir='ltr'><strong>consa-Annus</strong></span> <span class='ocrx_word' id='word_1_2' title='bbox 702 151 780 183; x_wconf 76' lang='lat' dir='ltr'><strong>&#39;ET</strong></span> <span class='ocrx_word' id='word_1_3' title='bbox 813 151 1128 182; x_wconf 52' lang='lat' dir='ltr'><strong>mumius.</strong></span> <span class='ocrx_word' id='word_1_4' title='bbox 1201 139 1318 200; x_wconf 85' lang='lat'>559.</span> <span class='ocrx_word' id='word_1_5' title='bbox 1403 157 1496 202; x_wconf 88' lang='lat'><strong>171</strong></span> 
     </span>
    </p>
   </div>
   <div class='ocr_carea' id='block_1_2' title="bbox 83 259 1575 2670">
    <p class='ocr_par' dir='ltr' id='par_1_2' title="bbox 83 259 1546 743">
     <span class='ocr_line' id='line_1_2' title="bbox 84 259 1501 325; baseline 0.001 -14"><span class='ocrx_word' id='word_1_6' title='bbox 84 265 270 316; x_wconf 79' lang='lat' dir='ltr'><strong>tiiones</strong></span> <span class='ocrx_word' id='word_1_7' title='bbox 309 277 415 310; x_wconf 90' lang='lat' dir='ltr'><strong>tum</strong></span> <span class='ocrx_word' id='word_1_8' title='bbox 460 262 606 311; x_wconf 85' lang='lat' dir='ltr'><strong>etiam</strong></span> <span class='ocrx_word' id='word_1_9' title='bbox 650 261 899 321; x_wconf 87' lang='lat' dir='ltr'><strong>novellos,</strong></span> <span class='ocrx_word' id='word_1_10' title='bbox 961 259 1188 309; x_wconf 80' lang='lat' dir='ltr'><strong>hoitante</strong></span> <span class='ocrx_word' id='word_1_11' title='bbox 1226 280 1501 325; x_wconf 64' lang='lat' dir='ltr'><strong>memorato</strong></span> 
     </span>
     <span class='ocr_line' id='line_1_3' title="bbox 85 329 1504 402; baseline -0.001 -21"><span class='ocrx_word' id='word_1_12' title='bbox 85 333 248 382; x_wconf 83' lang='lat' dir='ltr'><strong>adhuc</strong></span> <span class='ocrx_word' id='word_1_13' title='bbox 272 347 553 400; x_wconf 83' lang='lat' dir='ltr'><strong>protectore</strong></span> <span class='ocrx_word' id='word_1_14' title='bbox 576 331 780 396; x_wconf 77' lang='lat' dir='ltr'><strong>erupill&#39;e</strong></span> <span class='ocrx_word' id='word_1_15' title='bbox 805 350 830 378; x_wconf 89' lang='lat' dir='ltr'><strong>a</strong></span> <span class='ocrx_word' id='word_1_16' title='bbox 852 331 1079 394; x_wconf 76' lang='lat' dir='ltr'>Singara,</span> <span class='ocrx_word' id='word_1_17' title='bbox 1119 329 1384 402; x_wconf 81' lang='lat' dir='ltr'>Persasque</span> <span class='ocrx_word' id='word_1_18' title='bbox 1417 335 1504 381; x_wconf 78' lang='lat' dir='ltr'><strong>fu-</strong></span> 
     </span>
     <span class='ocr_line' id='line_1_4' title="bbox 83 398 1500 465; baseline -0.001 -15"><span class='ocrx_word' id='word_1_19' title='bbox 83 402 161 450; x_wconf 82' lang='lat' dir='ltr'><strong>sos</strong></span> <span class='ocrx_word' id='word_1_20' title='bbox 209 403 260 448; x_wconf 88' lang='lat' dir='ltr'><strong>in</strong></span> <span class='ocrx_word' id='word_1_21' title='bbox 306 401 539 449; x_wconf 81' lang='lat' dir='ltr'><strong>&#39;somnum</strong></span> <span class='ocrx_word' id='word_1_22' title='bbox 587 401 841 449; x_wconf 85' lang='lat' dir='ltr'><strong>retu-limus</strong></span> <span class='ocrx_word' id='word_1_23' title='bbox 890 398 1182 448; x_wconf 80' lang='lat' dir='ltr'><strong>trucidaffe</strong></span> <span class='ocrx_word' id='word_1_24' title='bbox 1203 398 1500 465; x_wconf 82' lang='lat' dir='ltr'><strong>compluies</strong></span> 
     </span>
     <span class='ocr_line' id='line_1_5' title="bbox 84 468 1546 536; baseline -0.002 -16"><span class='ocrx_word' id='word_1_25' title='bbox 84 471 275 520; x_wconf 83' lang='lat' dir='ltr'><strong>Adeiat</strong></span> <span class='ocrx_word' id='word_1_26' title='bbox 302 472 541 519; x_wconf 86' lang='lat' dir='ltr'><strong>comitum</strong></span> <span class='ocrx_word' id='word_1_27' title='bbox 571 488 770 536; x_wconf 87' lang='lat' dir='ltr'><strong>quoque</strong></span> <span class='ocrx_word' id='word_1_28' title='bbox 796 468 1069 534; x_wconf 51' lang='lat' dir='ltr'><strong>sabittarioi</strong></span> <span class='ocrx_word' id='word_1_29' title='bbox 1074 488 1156 515; x_wconf 89' lang='lat' dir='ltr'><strong>um</strong></span> <span class='ocrx_word' id='word_1_30' title='bbox 1186 488 1298 533; x_wconf 79' lang='lat' dir='ltr'><strong>pais</strong></span> <span class='ocrx_word' id='word_1_31' title='bbox 1327 471 1497 518; x_wconf 86' lang='lat' dir='ltr'><strong>maior.</strong></span> <span class='ocrx_word' id='word_1_32' title='bbox 1489 480 1546 536; x_wconf 73' lang='lat'><strong><em>4</em></strong></span> 
     </span>
     <span class='ocr_line' id='line_1_6' title="bbox 87 515 1506 617; baseline -0.001 -29"><span class='ocrx_word' id='word_1_33' title='bbox 87 540 332 605; x_wconf 80' lang='lat' dir='ltr'><strong>equesties</strong></span> <span class='ocrx_word' id='word_1_34' title='bbox 364 540 594 588; x_wconf 85' lang='lat' dir='ltr'><strong>videlicet</strong></span> <span class='ocrx_word' id='word_1_35' title='bbox 632 554 816 599; x_wconf 85' lang='lat' dir='ltr'><strong>turmae</strong></span> <span class='ocrx_word' id='word_1_36' title='bbox 855 540 921 586; x_wconf 87' lang='lat' dir='ltr'><strong>ita</strong></span> <span class='ocrx_word' id='word_1_37' title='bbox 964 539 1379 617; x_wconf 72' lang='lat' dir='ltr'>cognominatae,</span> <span class='ocrx_word' id='word_1_38' title='bbox 1415 515 1506 587; x_wconf 85' lang='lat' dir='ltr'><strong>ubi</strong></span> 
     </span>
     <span class='ocr_line' id='line_1_7' title="bbox 86 607 1507 673; baseline -0.002 -16"><span class='ocrx_word' id='word_1_39' title='bbox 86 624 279 657; x_wconf 82' lang='lat' dir='ltr'><strong>merent</strong></span> <span class='ocrx_word' id='word_1_40' title='bbox 315 628 481 657; x_wconf 85' lang='lat' dir='ltr'><strong>onmes</strong></span> <span class='ocrx_word' id='word_1_41' title='bbox 513 610 712 673; x_wconf 82' lang='lat' dir='ltr'><strong>ingenui</strong></span> <span class='ocrx_word' id='word_1_42' title='bbox 743 607 966 667; x_wconf 64' lang='lat' dir='ltr'><strong>barbani,</strong></span> <span class='ocrx_word' id='word_1_43' title='bbox 1012 625 1261 657; x_wconf 75' lang='lat' dir='ltr'><strong>ar&#39;nlOlulu</strong></span> <span class='ocrx_word' id='word_1_44' title='bbox 1290 608 1507 657; x_wconf 87' lang='lat' dir='ltr'><strong>virium-</strong></span> 
     </span>
     <span class='ocr_line' id='line_1_8' title="bbox 89 676 1113 743; baseline -0.002 -19"><span class='ocrx_word' id='word_1_45' title='bbox 89 696 185 743; x_wconf 84' lang='lat' dir='ltr'><strong>que</strong></span> <span class='ocrx_word' id='word_1_46' title='bbox 206 681 266 724; x_wconf 87' lang='lat' dir='ltr'><strong>fir</strong></span> <span class='ocrx_word' id='word_1_47' title='bbox 273 679 542 726; x_wconf 72' lang='lat' dir='ltr'><strong>mitudine</strong></span> <span class='ocrx_word' id='word_1_48' title='bbox 531 693 658 725; x_wconf 82' lang='lat' dir='ltr'><strong>inter</strong></span> <span class='ocrx_word' id='word_1_49' title='bbox 678 677 796 724; x_wconf 89' lang='lat' dir='ltr'><strong>alios</strong></span> <span class='ocrx_word' id='word_1_50' title='bbox 826 676 1113 724; x_wconf 82' lang='lat' dir='ltr'><strong>eminentes.</strong></span> 
     </span>
    </p>

    <p class='ocr_par' dir='ltr' id='par_1_3' title="bbox 85 745 1575 2670">
     <span class='ocr_line' id='line_1_9' title="bbox 187 745 1546 812; baseline 0 -18"><span class='ocrx_word' id='word_1_51' title='bbox 187 747 252 794; x_wconf 82' lang='lat' dir='ltr'><strong>X.</strong></span> <span class='ocrx_word' id='word_1_52' title='bbox 290 747 425 794; x_wconf 84' lang='lat' dir='ltr'><strong>Haec</strong></span> <span class='ocrx_word' id='word_1_53' title='bbox 462 747 579 794; x_wconf 82' lang='lat' dir='ltr'><strong>dum</strong></span> <span class='ocrx_word' id='word_1_54' title='bbox 609 746 757 812; x_wconf 86' lang='lat' dir='ltr'><strong>primi</strong></span> <span class='ocrx_word' id='word_1_55' title='bbox 791 745 1006 810; x_wconf 79' lang='lat' dir='ltr'><strong>impetus</strong></span> <span class='ocrx_word' id='word_1_56' title='bbox 1046 745 1195 792; x_wconf 86' lang='lat' dir='ltr'><strong>turbo</strong></span> <span class='ocrx_word' id='word_1_57' title='bbox 1243 747 1504 794; x_wconf 86' lang='lat' dir='ltr'><strong>conatibus</strong></span> <span class='ocrx_word' id='word_1_58' title='bbox 1527 770 1546 798; x_wconf 77' lang='lat' dir='ltr'><strong>t</strong></span> 
     </span>
     <span class='ocr_line' id='line_1_10' title="bbox 87 813 1509 881; baseline 0.001 -18"><span class='ocrx_word' id='word_1_59' title='bbox 87 815 236 879; x_wconf 86' lang='lat' dir='ltr'><strong>agitat</strong></span> <span class='ocrx_word' id='word_1_60' title='bbox 252 815 530 880; x_wconf 74' lang='lat' dir='ltr'><strong>insperatis,</strong></span> <span class='ocrx_word' id='word_1_61' title='bbox 559 835 642 863; x_wconf 83' lang='lat' dir='ltr'><strong>rex</strong></span> <span class='ocrx_word' id='word_1_62' title='bbox 670 834 781 863; x_wconf 84' lang='lat' dir='ltr'><strong>cum</strong></span> <span class='ocrx_word' id='word_1_63' title='bbox 817 815 1005 880; x_wconf 83' lang='lat' dir='ltr'><strong>populo</strong></span> <span class='ocrx_word' id='word_1_64' title='bbox 1037 813 1124 862; x_wconf 80' lang='lat' dir='ltr'><strong>suo</strong></span> <span class='ocrx_word' id='word_1_65' title='bbox 1159 816 1509 881; x_wconf 83' lang='lat' dir='ltr'><strong>gentibusque,</strong></span> 
     </span>
     <span class='ocr_line' id='line_1_11' title="bbox 87 883 1508 948; baseline 0.001 -18"><span class='ocrx_word' id='word_1_66' title='bbox 87 902 208 948; x_wconf 87' lang='lat' dir='ltr'><strong>quas</strong></span> <span class='ocrx_word' id='word_1_67' title='bbox 231 884 488 947; x_wconf 78' lang='lat' dir='ltr'><strong>ductabat,</strong></span> <span class='ocrx_word' id='word_1_68' title='bbox 520 904 545 932; x_wconf 88' lang='lat' dir='ltr'><strong>a</strong></span> <span class='ocrx_word' id='word_1_69' title='bbox 572 884 757 933; x_wconf 84' lang='lat' dir='ltr'><strong>Bebase</strong></span> <span class='ocrx_word' id='word_1_70' title='bbox 780 886 894 933; x_wconf 89' lang='lat' dir='ltr'><strong>loco</strong></span> <span class='ocrx_word' id='word_1_71' title='bbox 917 885 1092 932; x_wconf 87' lang='lat' dir='ltr'><strong>itinere</strong></span> <span class='ocrx_word' id='word_1_72' title='bbox 1114 886 1241 931; x_wconf 82' lang='lat' dir='ltr'><strong>flexo</strong></span> <span class='ocrx_word' id='word_1_73' title='bbox 1271 883 1508 932; x_wconf 82' lang='lat' dir='ltr'><strong>dextror-</strong></span> 
     </span>
     <span class='ocr_line' id='line_1_12' title="bbox 85 952 1511 1020; baseline 0 -18"><span class='ocrx_word' id='word_1_74' title='bbox 85 952 190 1014; x_wconf 77' lang='lat' dir='ltr'><strong>sus,</strong></span> <span class='ocrx_word' id='word_1_75' title='bbox 223 968 278 1000; x_wconf 86' lang='lat' dir='ltr'><strong>ut</strong></span> <span class='ocrx_word' id='word_1_76' title='bbox 300 969 558 1002; x_wconf 79' lang='lat' dir='ltr'><strong>monuerat</strong></span> <span class='ocrx_word' id='word_1_77' title='bbox 576 954 885 1011; x_wconf 82' lang='lat' dir='ltr'><strong>Antoninus,</strong></span> <span class='ocrx_word' id='word_1_78' title='bbox 915 972 1002 1018; x_wconf 86' lang='lat' dir='ltr'><strong>per</strong></span> <span class='ocrx_word' id='word_1_79' title='bbox 1030 953 1227 1001; x_wconf 90' lang='lat' dir='ltr'><strong>Horren</strong></span> <span class='ocrx_word' id='word_1_80' title='bbox 1253 968 1300 1001; x_wconf 91' lang='lat' dir='ltr'><strong>et</strong></span> <span class='ocrx_word' id='word_1_81' title='bbox 1327 956 1362 1020; x_wconf 85' lang='lat'><strong>¹)</strong></span> <span class='ocrx_word' id='word_1_82' title='bbox 1388 955 1511 1002; x_wconf 84' lang='lat' dir='ltr'><strong>Me·-</strong></span> 
     </span>
     <span class='ocr_line' id='line_1_13' title="bbox 85 1021 1509 1084; baseline 0.001 -14"><span class='ocrx_word' id='word_1_83' title='bbox 85 1021 286 1071; x_wconf 68' lang='lat' dir='ltr'><strong>iacun-ire</strong></span> <span class='ocrx_word' id='word_1_84' title='bbox 311 1038 358 1070; x_wconf 88' lang='lat' dir='ltr'><strong>et</strong></span> <span class='ocrx_word' id='word_1_85' title='bbox 392 1024 648 1084; x_wconf 82' lang='lat' dir='ltr'>Charcha,</span> <span class='ocrx_word' id='word_1_86' title='bbox 683 1037 738 1070; x_wconf 76' lang='lat' dir='ltr'><strong>ut</strong></span> <span class='ocrx_word' id='word_1_87' title='bbox 768 1024 1056 1070; x_wconf 84' lang='lat' dir='ltr'><strong>transiturus</strong></span> <span class='ocrx_word' id='word_1_88' title='bbox 1087 1021 1348 1084; x_wconf 75' lang='lat' dir='ltr'><strong>Amidam,</strong></span> <span class='ocrx_word' id='word_1_89' title='bbox 1393 1042 1509 1072; x_wconf 89' lang='lat' dir='ltr'><strong>cum</strong></span> 
     </span>
     <span class='ocr_line' id='line_1_14' title="bbox 87 1092 1509 1157; baseline 0.001 -19"><span class='ocrx_word' id='word_1_90' title='bbox 87 1109 245 1156; x_wconf 84' lang='lat' dir='ltr'><strong>prope</strong></span> <span class='ocrx_word' id='word_1_91' title='bbox 271 1093 458 1143; x_wconf 84' lang='lat' dir='ltr'><strong>castella</strong></span> <span class='ocrx_word' id='word_1_92' title='bbox 484 1093 700 1140; x_wconf 84' lang='lat' dir='ltr'><strong>Romana</strong></span> <span class='ocrx_word' id='word_1_93' title='bbox 720 1092 946 1156; x_wconf 62' lang='lat' dir='ltr'><strong>veniss‘et3</strong></span> <span class='ocrx_word' id='word_1_94' title='bbox 989 1110 1203 1157; x_wconf 83' lang='lat' dir='ltr'><strong>quorum</strong></span> <span class='ocrx_word' id='word_1_95' title='bbox 1223 1111 1374 1139; x_wconf 86' lang='lat' dir='ltr'><strong>unum</strong></span> <span class='ocrx_word' id='word_1_96' title='bbox 1403 1093 1509 1140; x_wconf 80' lang='lat' dir='ltr'><strong>Re-</strong></span> 
     </span>
     <span class='ocr_line' id='line_1_15' title="bbox 85 1160 1510 1227; baseline -0.001 -18"><span class='ocrx_word' id='word_1_97' title='bbox 85 1179 229 1221; x_wconf 85' lang='lat' dir='ltr'><strong>man,</strong></span> <span class='ocrx_word' id='word_1_98' title='bbox 263 1162 466 1209; x_wconf 80' lang='lat' dir='ltr'><strong>alteiuni</strong></span> <span class='ocrx_word' id='word_1_99' title='bbox 484 1160 645 1210; x_wconf 83' lang='lat' dir='ltr'><strong>Busan</strong></span> <span class='ocrx_word' id='word_1_100' title='bbox 678 1161 951 1227; x_wconf 79' lang='lat' dir='ltr'><strong>adpellatni</strong></span> <span class='ocrx_word' id='word_1_101' title='bbox 966 1198 978 1220; x_wconf 87' lang='lat'>‚</span> <span class='ocrx_word' id='word_1_102' title='bbox 1022 1163 1337 1225; x_wconf 39' lang='lat' dir='ltr'><strong>peerugaium</strong></span> <span class='ocrx_word' id='word_1_103' title='bbox 1368 1160 1510 1207; x_wconf 81' lang='lat' dir='ltr'><strong>indi-</strong></span> 
     </span>
     <span class='ocr_line' id='line_1_16' title="bbox 87 1228 1510 1294; baseline 0.001 -19"><span class='ocrx_word' id='word_1_104' title='bbox 87 1228 168 1276; x_wconf 83' lang='lat' dir='ltr'><strong>cio</strong></span> <span class='ocrx_word' id='word_1_105' title='bbox 191 1229 455 1294; x_wconf 80' lang='lat' dir='ltr'><strong>²)didicit‚</strong></span> <span class='ocrx_word' id='word_1_106' title='bbox 490 1231 761 1278; x_wconf 87' lang='lat' dir='ltr'><strong>multorum</strong></span> <span class='ocrx_word' id='word_1_107' title='bbox 784 1248 900 1293; x_wconf 84' lang='lat' dir='ltr'><strong>opes</strong></span> <span class='ocrx_word' id='word_1_108' title='bbox 922 1230 1038 1275; x_wconf 86' lang='lat' dir='ltr'><strong>illuc</strong></span> <span class='ocrx_word' id='word_1_109' title='bbox 1070 1231 1314 1276; x_wconf 78' lang='lat' dir='ltr'><strong>translatas</strong></span> <span class='ocrx_word' id='word_1_110' title='bbox 1343 1229 1510 1277; x_wconf 79' lang='lat' dir='ltr'><strong>serva-</strong></span> 
     </span>
     <span class='ocr_line' id='line_1_17' title="bbox 91 1297 1510 1374; baseline 0.001 -30"><span class='ocrx_word' id='word_1_111' title='bbox 91 1298 151 1357; x_wconf 80' lang='lat' dir='ltr'><strong>ri,</strong></span> <span class='ocrx_word' id='word_1_112' title='bbox 183 1299 305 1344; x_wconf 77' lang='lat' dir='ltr'><strong>utin</strong></span> <span class='ocrx_word' id='word_1_113' title='bbox 330 1299 646 1345; x_wconf 84' lang='lat' dir='ltr'><strong>munimentis</strong></span> <span class='ocrx_word' id='word_1_114' title='bbox 670 1298 922 1361; x_wconf 69' lang='lat' dir='ltr'><strong>praecellis</strong></span> <span class='ocrx_word' id='word_1_115' title='bbox 946 1312 991 1343; x_wconf 81' lang='lat' dir='ltr'><strong>ct</strong></span> <span class='ocrx_word' id='word_1_116' title='bbox 1014 1297 1151 1343; x_wconf 83' lang='lat' dir='ltr'><strong>fidis:</strong></span> <span class='ocrx_word' id='word_1_117' title='bbox 1183 1297 1510 1374; x_wconf 77' lang='lat' dir='ltr'><strong>additumque</strong></span> 
     </span>
     <span class='ocr_line' id='line_1_18' title="bbox 93 1366 1511 1430; baseline 0.001 -17"><span class='ocrx_word' id='word_1_118' title='bbox 93 1366 161 1413; x_wconf 83' lang='lat' dir='ltr'><strong>est</strong></span> <span class='ocrx_word' id='word_1_119' title='bbox 178 1403 191 1426; x_wconf 82' lang='lat'>‚</span> <span class='ocrx_word' id='word_1_120' title='bbox 230 1366 300 1412; x_wconf 80' lang='lat' dir='ltr'><strong>ibi</strong></span> <span class='ocrx_word' id='word_1_121' title='bbox 322 1385 432 1412; x_wconf 81' lang='lat' dir='ltr'><strong>cuni</strong></span> <span class='ocrx_word' id='word_1_122' title='bbox 455 1366 782 1429; x_wconf 79' lang='lat' dir='ltr'><strong>suppellectili</strong></span> <span class='ocrx_word' id='word_1_123' title='bbox 805 1366 1047 1430; x_wconf 77' lang='lat' dir='ltr'><strong>pretiola</strong></span> <span class='ocrx_word' id='word_1_124' title='bbox 1036 1366 1246 1412; x_wconf 70' lang='lat' dir='ltr'><strong>inveniti</strong></span> <span class='ocrx_word' id='word_1_125' title='bbox 1277 1367 1511 1415; x_wconf 83' lang='lat' dir='ltr'><strong>leminam</strong></span> 
     </span>
     <span class='ocr_line' id='line_1_19' title="bbox 91 1433 1512 1499; baseline 0.001 -18"><span class='ocrx_word' id='word_1_126' title='bbox 91 1436 311 1499; x_wconf 82' lang='lat' dir='ltr'><strong>pulcram</strong></span> <span class='ocrx_word' id='word_1_127' title='bbox 332 1454 446 1481; x_wconf 87' lang='lat' dir='ltr'><strong>cum</strong></span> <span class='ocrx_word' id='word_1_128' title='bbox 468 1435 565 1486; x_wconf 86' lang='lat' dir='ltr'><strong>filia</strong></span> <span class='ocrx_word' id='word_1_129' title='bbox 587 1436 799 1498; x_wconf 52' lang='lat' dir='ltr'><strong>prumia,</strong></span> <span class='ocrx_word' id='word_1_130' title='bbox 829 1433 1069 1497; x_wconf 77' lang='lat' dir='ltr'><strong>Craugasii</strong></span> <span class='ocrx_word' id='word_1_131' title='bbox 1091 1434 1314 1482; x_wconf 76' lang='lat' dir='ltr'><strong>Nilibeni</strong></span> <span class='ocrx_word' id='word_1_132' title='bbox 1337 1437 1512 1483; x_wconf 82' lang='lat' dir='ltr'><strong>cuius-</strong></span> 
     </span>
     <span class='ocr_line' id='line_1_20' title="bbox 97 1502 1511 1567; baseline 0.001 -17"><span class='ocrx_word' id='word_1_133' title='bbox 97 1504 210 1562; x_wconf 74' lang='lat' dir='ltr'><strong>dam</strong></span> <span class='ocrx_word' id='word_1_134' title='bbox 245 1521 472 1564; x_wconf 80' lang='lat' dir='ltr'><strong>uxorem,</strong></span> <span class='ocrx_word' id='word_1_135' title='bbox 515 1504 566 1550; x_wconf 89' lang='lat' dir='ltr'><strong>in</strong></span> <span class='ocrx_word' id='word_1_136' title='bbox 596 1504 882 1567; x_wconf 84' lang='lat' dir='ltr'><strong>municipali</strong></span> <span class='ocrx_word' id='word_1_137' title='bbox 918 1502 1091 1549; x_wconf 90' lang='lat' dir='ltr'><strong>ordine</strong></span> <span class='ocrx_word' id='word_1_138' title='bbox 1128 1521 1332 1567; x_wconf 77' lang='lat' dir='ltr'><strong>genere,</strong></span> <span class='ocrx_word' id='word_1_139' title='bbox 1367 1505 1511 1566; x_wconf 82' lang='lat' dir='ltr'><strong>fama,</strong></span> 
     </span>
     <span class='ocr_line' id='line_1_21' title="bbox 91 1569 1555 1638; baseline 0 -19"><span class='ocrx_word' id='word_1_140' title='bbox 91 1574 408 1638; x_wconf 84' lang='lat' dir='ltr'><strong>potentiaque</strong></span> <span class='ocrx_word' id='word_1_141' title='bbox 420 1570 776 1635; x_wconf 77' lang='lat' dir='ltr'><strong>circumspecti.</strong></span> <span class='ocrx_word' id='word_1_142' title='bbox 849 1569 1102 1617; x_wconf 76' lang='lat' dir='ltr'><strong>Aviditate</strong></span> <span class='ocrx_word' id='word_1_143' title='bbox 1122 1571 1287 1634; x_wconf 84' lang='lat' dir='ltr'><strong>itaque</strong></span> <span class='ocrx_word' id='word_1_144' title='bbox 1308 1573 1509 1636; x_wconf 84' lang='lat' dir='ltr'><strong>rapien-</strong></span> <span class='ocrx_word' id='word_1_145' title='bbox 1524 1600 1555 1630; x_wconf 77' lang='lat'><strong>2</strong></span> 
     </span>
     <span class='ocr_line' id='line_1_22' title="bbox 95 1638 1511 1704; baseline 0 -15"><span class='ocrx_word' id='word_1_146' title='bbox 95 1641 147 1690; x_wconf 88' lang='lat' dir='ltr'><strong>di</strong></span> <span class='ocrx_word' id='word_1_147' title='bbox 177 1642 331 1688; x_wconf 85' lang='lat' dir='ltr'><strong>aliena</strong></span> <span class='ocrx_word' id='word_1_148' title='bbox 373 1640 625 1700; x_wconf 58' lang='lat' dir='ltr'><strong>festinans,</strong></span> <span class='ocrx_word' id='word_1_149' title='bbox 691 1639 814 1704; x_wconf 85' lang='lat' dir='ltr'><strong>petit</strong></span> <span class='ocrx_word' id='word_1_150' title='bbox 853 1639 1043 1703; x_wconf 86' lang='lat' dir='ltr'><strong>impetu</strong></span> <span class='ocrx_word' id='word_1_151' title='bbox 1079 1638 1255 1686; x_wconf 79' lang='lat' dir='ltr'><strong>fidenti</strong></span> <span class='ocrx_word' id='word_1_152' title='bbox 1296 1642 1511 1690; x_wconf 81' lang='lat' dir='ltr'><strong>castella:</strong></span> 
     </span>
     <span class='ocr_line' id='line_1_23' title="bbox 93 1707 1515 1759; baseline 0.001 -3"><span class='ocrx_word' id='word_1_153' title='bbox 93 1711 227 1757; x_wconf 82' lang='lat' dir='ltr'><strong>unde</strong></span> <span class='ocrx_word' id='word_1_154' title='bbox 249 1709 406 1756; x_wconf 84' lang='lat' dir='ltr'><strong>subita</strong></span> <span class='ocrx_word' id='word_1_155' title='bbox 432 1709 581 1755; x_wconf 85' lang='lat' dir='ltr'><strong>animi</strong></span> <span class='ocrx_word' id='word_1_156' title='bbox 605 1708 997 1756; x_wconf 83' lang='lat' dir='ltr'><strong>consternatione</strong></span> <span class='ocrx_word' id='word_1_157' title='bbox 1029 1707 1308 1756; x_wconf 84' lang='lat' dir='ltr'><strong>defensores</strong></span> <span class='ocrx_word' id='word_1_158' title='bbox 1340 1729 1515 1759; x_wconf 87' lang='lat' dir='ltr'><strong>armo-</strong></span> 
     </span>
     <span class='ocr_line' id='line_1_24' title="bbox 95 1775 1513 1842; baseline 0.001 -16"><span class='ocrx_word' id='word_1_159' title='bbox 95 1797 204 1826; x_wconf 80' lang='lat' dir='ltr'><strong>rum</strong></span> <span class='ocrx_word' id='word_1_160' title='bbox 236 1778 465 1826; x_wconf 81' lang='lat' dir='ltr'><strong>varietate</strong></span> <span class='ocrx_word' id='word_1_161' title='bbox 496 1777 791 1842; x_wconf 78' lang='lat' dir='ltr'><strong>praestricti,</strong></span> <span class='ocrx_word' id='word_1_162' title='bbox 831 1775 880 1824; x_wconf 82' lang='lat' dir='ltr'><strong>se</strong></span> <span class='ocrx_word' id='word_1_163' title='bbox 903 1791 1205 1841; x_wconf 86' lang='lat' dir='ltr'><strong>cunctosque</strong></span> <span class='ocrx_word' id='word_1_164' title='bbox 1230 1778 1513 1842; x_wconf 82' lang='lat' dir='ltr'><strong>prodidere,</strong></span> 
     </span>
     <span class='ocr_line' id='line_1_25' title="bbox 96 1845 1513 1912; baseline 0.002 -19"><span class='ocrx_word' id='word_1_165' title='bbox 96 1848 182 1912; x_wconf 88' lang='lat' dir='ltr'><strong>qui</strong></span> <span class='ocrx_word' id='word_1_166' title='bbox 205 1846 265 1894; x_wconf 89' lang='lat' dir='ltr'><strong>ad</strong></span> <span class='ocrx_word' id='word_1_167' title='bbox 289 1845 524 1911; x_wconf 76' lang='lat' dir='ltr'><strong>prael&#39;idia</strong></span> <span class='ocrx_word' id='word_1_168' title='bbox 545 1847 899 1911; x_wconf 78' lang='lat' dir='ltr'><strong>confugerunt,</strong></span> <span class='ocrx_word' id='word_1_169' title='bbox 938 1861 986 1893; x_wconf 88' lang='lat' dir='ltr'><strong>et</strong></span> <span class='ocrx_word' id='word_1_170' title='bbox 1008 1845 1200 1910; x_wconf 82' lang='lat' dir='ltr'><strong>digredi</strong></span> <span class='ocrx_word' id='word_1_171' title='bbox 1218 1847 1353 1909; x_wconf 70' lang='lat' dir='ltr'><strong>iussi,</strong></span> <span class='ocrx_word' id='word_1_172' title='bbox 1383 1867 1513 1896; x_wconf 83' lang='lat' dir='ltr'><strong>con-</strong></span> 
     </span>
     <span class='ocr_line' id='line_1_26' title="bbox 92 1916 1575 1981; baseline 0.001 -17"><span class='ocrx_word' id='word_1_173' title='bbox 92 1916 251 1964; x_wconf 77' lang='lat' dir='ltr'><strong>festini</strong></span> <span class='ocrx_word' id='word_1_174' title='bbox 277 1917 437 1963; x_wconf 85' lang='lat' dir='ltr'><strong>claves</strong></span> <span class='ocrx_word' id='word_1_175' title='bbox 459 1916 681 1963; x_wconf 84' lang='lat' dir='ltr'><strong>obtulere</strong></span> <span class='ocrx_word' id='word_1_176' title='bbox 702 1929 985 1979; x_wconf 76' lang='lat' dir='ltr'><strong>porztarum</strong></span> <span class='ocrx_word' id='word_1_177' title='bbox 1021 1916 1375 1981; x_wconf 84' lang='lat' dir='ltr'><strong>patefactisque</strong></span> <span class='ocrx_word' id='word_1_178' title='bbox 1398 1918 1513 1965; x_wconf 83' lang='lat' dir='ltr'><strong>adi-</strong></span> <span class='ocrx_word' id='word_1_179' title='bbox 1572 1962 1575 1965; x_wconf 87' lang='lat'>.</span> 
     </span>
     <span class='ocr_line' id='line_1_27' title="bbox 93 1983 1512 2062; baseline 0.002 -31"><span class='ocrx_word' id='word_1_180' title='bbox 93 1986 255 2046; x_wconf 64' lang='lat' dir='ltr'><strong>tibus,</strong></span> <span class='ocrx_word' id='word_1_181' title='bbox 299 1983 546 2050; x_wconf 86' lang='lat' dir='ltr'><strong>quidquid</strong></span> <span class='ocrx_word' id='word_1_182' title='bbox 587 1985 657 2031; x_wconf 89' lang='lat' dir='ltr'><strong>ibi</strong></span> <span class='ocrx_word' id='word_1_183' title='bbox 682 1984 976 2062; x_wconf 37' lang='lat' dir='ltr'><strong>‘congestum</strong></span> <span class='ocrx_word' id='word_1_184' title='bbox 1017 1999 1144 2045; x_wconf 78' lang='lat' dir='ltr'><strong>erat,</strong></span> <span class='ocrx_word' id='word_1_185' title='bbox 1197 1986 1410 2033; x_wconf 84' lang='lat' dir='ltr'><strong>eruitur:</strong></span> <span class='ocrx_word' id='word_1_186' title='bbox 1465 2002 1512 2036; x_wconf 85' lang='lat' dir='ltr'><strong>et</strong></span> 
     </span>
     <span class='ocr_line' id='line_1_28' title="bbox 94 2053 1513 2121; baseline 0.001 -21"><span class='ocrx_word' id='word_1_187' title='bbox 94 2053 364 2121; x_wconf 82' lang='lat' dir='ltr'><strong>productae</strong></span> <span class='ocrx_word' id='word_1_188' title='bbox 390 2053 508 2101; x_wconf 81' lang='lat' dir='ltr'><strong>sunt</strong></span> <span class='ocrx_word' id='word_1_189' title='bbox 539 2054 772 2102; x_wconf 83' lang='lat' dir='ltr'><strong>attonitae</strong></span> <span class='ocrx_word' id='word_1_190' title='bbox 804 2054 840 2119; x_wconf 83' lang='lat'><strong>³)</strong></span> <span class='ocrx_word' id='word_1_191' title='bbox 862 2067 997 2101; x_wconf 80' lang='lat' dir='ltr'><strong>metu</strong></span> <span class='ocrx_word' id='word_1_192' title='bbox 1030 2054 1288 2114; x_wconf 86' lang='lat' dir='ltr'><strong>mulieres,</strong></span> <span class='ocrx_word' id='word_1_193' title='bbox 1339 2070 1386 2102; x_wconf 87' lang='lat' dir='ltr'><strong>et</strong></span> <span class='ocrx_word' id='word_1_194' title='bbox 1427 2056 1513 2102; x_wconf 83' lang='lat' dir='ltr'><strong>in·-</strong></span> 
     </span>
     <span class='ocr_line' id='line_1_29' title="bbox 93 2123 1512 2187; baseline 0.001 -18"><span class='ocrx_word' id='word_1_195' title='bbox 93 2123 250 2170; x_wconf 81' lang='lat' dir='ltr'><strong>fantes</strong></span> <span class='ocrx_word' id='word_1_196' title='bbox 288 2123 521 2169; x_wconf 77' lang='lat' dir='ltr'><strong>matribus</strong></span> <span class='ocrx_word' id='word_1_197' title='bbox 561 2123 825 2187; x_wconf 83' lang='lat' dir='ltr'><strong>implicati,</strong></span> <span class='ocrx_word' id='word_1_198' title='bbox 877 2141 1044 2187; x_wconf 81' lang='lat' dir='ltr'><strong>graves</strong></span> <span class='ocrx_word' id='word_1_199' title='bbox 1083 2141 1338 2171; x_wconf 81' lang='lat' dir='ltr'><strong>aerumnas</strong></span> <span class='ocrx_word' id='word_1_200' title='bbox 1383 2125 1512 2172; x_wconf 85' lang='lat' dir='ltr'><strong>inter</strong></span> 
     </span>
     <span class='ocr_line' id='line_1_30' title="bbox 96 2191 1555 2259; baseline 0.002 -22"><span class='ocrx_word' id='word_1_201' title='bbox 96 2191 236 2237; x_wconf 83' lang='lat' dir='ltr'><strong>initia</strong></span> <span class='ocrx_word' id='word_1_202' title='bbox 261 2191 513 2238; x_wconf 85' lang='lat' dir='ltr'><strong>tenerioris</strong></span> <span class='ocrx_word' id='word_1_203' title='bbox 533 2192 700 2239; x_wconf 87' lang='lat' dir='ltr'><strong>aetatis</strong></span> <span class='ocrx_word' id='word_1_204' title='bbox 724 2193 925 2257; x_wconf 83' lang='lat' dir='ltr'><strong>experti.</strong></span> <span class='ocrx_word' id='word_1_205' title='bbox 1001 2194 1224 2259; x_wconf 84' lang='lat' dir='ltr'><strong>Cumque</strong></span> <span class='ocrx_word' id='word_1_206' title='bbox 1250 2210 1348 2252; x_wconf 78' lang='lat' dir='ltr'><strong>rex,</strong></span> <span class='ocrx_word' id='word_1_207' title='bbox 1388 2211 1555 2257; x_wconf 77' lang='lat' dir='ltr'><strong>per—3</strong></span> 
     </span>
     <span class='ocr_line' id='line_1_31' title="bbox 96 2259 1511 2324; baseline 0.001 -18"><span class='ocrx_word' id='word_1_208' title='bbox 96 2259 347 2306; x_wconf 77' lang='lat' dir='ltr'><strong>contundo</strong></span> <span class='ocrx_word' id='word_1_209' title='bbox 363 2296 375 2320; x_wconf 85' lang='lat'>‚</span> <span class='ocrx_word' id='word_1_210' title='bbox 406 2261 660 2308; x_wconf 85' lang='lat' dir='ltr'><strong>cuiusnam</strong></span> <span class='ocrx_word' id='word_1_211' title='bbox 681 2262 896 2308; x_wconf 82' lang='lat' dir='ltr'><strong>coniunx</strong></span> <span class='ocrx_word' id='word_1_212' title='bbox 918 2260 1057 2323; x_wconf 83' lang='lat' dir='ltr'><strong>esset,</strong></span> <span class='ocrx_word' id='word_1_213' title='bbox 1096 2259 1338 2324; x_wconf 79' lang='lat' dir='ltr'><strong>Craugafii</strong></span> <span class='ocrx_word' id='word_1_214' title='bbox 1363 2279 1511 2308; x_wconf 85' lang='lat' dir='ltr'><strong>com-</strong></span> 
     </span>
     <span class='ocr_line' id='line_1_32' title="bbox 97 2327 1513 2394; baseline 0.001 -19"><span class='ocrx_word' id='word_1_215' title='bbox 97 2328 315 2392; x_wconf 81' lang='lat' dir='ltr'><strong>perill&#39;et,</strong></span> <span class='ocrx_word' id='word_1_216' title='bbox 354 2328 453 2374; x_wconf 86' lang='lat' dir='ltr'><strong>vim</strong></span> <span class='ocrx_word' id='word_1_217' title='bbox 474 2328 524 2374; x_wconf 88' lang='lat' dir='ltr'><strong>in</strong></span> <span class='ocrx_word' id='word_1_218' title='bbox 545 2327 592 2376; x_wconf 79' lang='lat' dir='ltr'><strong>se</strong></span> <span class='ocrx_word' id='word_1_219' title='bbox 611 2343 908 2377; x_wconf 86' lang='lat' dir='ltr'><strong>metuentem</strong></span> <span class='ocrx_word' id='word_1_220' title='bbox 943 2348 1097 2394; x_wconf 88' lang='lat' dir='ltr'><strong>prope</strong></span> <span class='ocrx_word' id='word_1_221' title='bbox 1128 2330 1292 2376; x_wconf 88' lang='lat' dir='ltr'><strong>venire</strong></span> <span class='ocrx_word' id='word_1_222' title='bbox 1321 2331 1513 2393; x_wconf 80' lang='lat' dir='ltr'><strong>permi-</strong></span> 
     </span>
     <span class='ocr_line' id='line_1_33' title="bbox 97 2396 1515 2465; baseline 0.002 -21"><span class='ocrx_word' id='word_1_223' title='bbox 97 2396 494 2462; x_wconf 77' lang='lat' dir='ltr'><strong>litintiepidam,</strong></span> <span class='ocrx_word' id='word_1_224' title='bbox 524 2411 571 2444; x_wconf 88' lang='lat' dir='ltr'><strong>et</strong></span> <span class='ocrx_word' id='word_1_225' title='bbox 593 2396 740 2445; x_wconf 86' lang='lat' dir='ltr'><strong>visam</strong></span> <span class='ocrx_word' id='word_1_226' title='bbox 779 2413 1097 2465; x_wconf 78' lang='lat' dir='ltr'><strong>opertamque</strong></span> <span class='ocrx_word' id='word_1_227' title='bbox 1130 2397 1346 2460; x_wconf 85' lang='lat' dir='ltr'><strong>adusque</strong></span> <span class='ocrx_word' id='word_1_228' title='bbox 1378 2399 1515 2447; x_wconf 82' lang='lat' dir='ltr'><strong>labra</strong></span> 
     </span>
     <span class='ocr_line' id='line_1_34' title="bbox 99 2465 1513 2531; baseline 0.003 -20"><span class='ocrx_word' id='word_1_229' title='bbox 99 2465 201 2529; x_wconf 85' lang='lat' dir='ltr'><strong>ipsa</strong></span> <span class='ocrx_word' id='word_1_230' title='bbox 221 2480 325 2512; x_wconf 84' lang='lat' dir='ltr'><strong>atro</strong></span> <span class='ocrx_word' id='word_1_231' title='bbox 346 2466 602 2526; x_wconf 85' lang='lat' dir='ltr'><strong>velamine,</strong></span> <span class='ocrx_word' id='word_1_232' title='bbox 635 2468 843 2515; x_wconf 85' lang='lat' dir='ltr'><strong>certiore</strong></span> <span class='ocrx_word' id='word_1_233' title='bbox 863 2469 957 2514; x_wconf 82' lang='lat' dir='ltr'><strong>iani</strong></span> <span class='ocrx_word' id='word_1_234' title='bbox 972 2467 1053 2531; x_wconf 81' lang='lat' dir='ltr'><strong>spe</strong></span> <span class='ocrx_word' id='word_1_235' title='bbox 1077 2466 1238 2513; x_wconf 81' lang='lat' dir='ltr'><strong>mariti</strong></span> <span class='ocrx_word' id='word_1_236' title='bbox 1260 2466 1513 2531; x_wconf 88' lang='lat' dir='ltr'><strong>recipien—</strong></span> 
     </span>
     <span class='ocr_line' id='line_1_35' title="bbox 103 2533 1512 2599; baseline 0.003 -19"><span class='ocrx_word' id='word_1_237' title='bbox 103 2534 178 2595; x_wconf 76' lang='lat' dir='ltr'><strong>di,</strong></span> <span class='ocrx_word' id='word_1_238' title='bbox 212 2549 259 2581; x_wconf 87' lang='lat' dir='ltr'><strong>et</strong></span> <span class='ocrx_word' id='word_1_239' title='bbox 283 2533 485 2599; x_wconf 83' lang='lat' dir='ltr'><strong>pudoiis</strong></span> <span class='ocrx_word' id='word_1_240' title='bbox 505 2535 724 2582; x_wconf 68' lang='lat' dir='ltr'><strong>invioliti</strong></span> <span class='ocrx_word' id='word_1_241' title='bbox 756 2535 996 2596; x_wconf 76' lang='lat' dir='ltr'><strong>mansuii,</strong></span> <span class='ocrx_word' id='word_1_242' title='bbox 1036 2534 1293 2597; x_wconf 83' lang='lat' dir='ltr'><strong>benignius</strong></span> <span class='ocrx_word' id='word_1_243' title='bbox 1321 2538 1512 2584; x_wconf 86' lang='lat' dir='ltr'><strong>confir-</strong></span> 
     </span>
     <span class='ocr_line' id='line_1_36' title="bbox 104 2572 1510 2670; baseline 0.005 -22"><span class='ocrx_word' id='word_1_244' title='bbox 104 2572 269 2650; x_wconf 79' lang='lat' dir='ltr'><strong>nizivit.</strong></span> <span class='ocrx_word' id='word_1_245' title='bbox 352 2602 574 2650; x_wconf 84' lang='lat' dir='ltr'><strong>Audiens</strong></span> <span class='ocrx_word' id='word_1_246' title='bbox 603 2604 735 2670; x_wconf 81' lang='lat' dir='ltr'><strong>enim</strong></span> <span class='ocrx_word' id='word_1_247' title='bbox 770 2574 1040 2669; x_wconf 70' lang='lat' dir='ltr'><strong>coniugeiu⁴</strong></span> <span class='ocrx_word' id='word_1_248' title='bbox 1063 2604 1190 2651; x_wconf 85' lang='lat' dir='ltr'><strong>miro</strong></span> <span class='ocrx_word' id='word_1_249' title='bbox 1221 2603 1323 2652; x_wconf 87' lang='lat' dir='ltr'><strong>eius</strong></span> <span class='ocrx_word' id='word_1_250' title='bbox 1345 2623 1510 2655; x_wconf 82' lang='lat' dir='ltr'><strong>amoro</strong></span> 
     </span>
    </p>
   </div>
   <div class='ocr_carea' id='block_1_3' title="bbox 160 2763 1255 2814">
    <p class='ocr_par' dir='ltr' id='par_1_4' title="bbox 160 2763 1255 2814">
     <span class='ocr_line' id='line_1_37' title="bbox 160 2763 1255 2814; baseline -0.002 -12"><span class='ocrx_word' id='word_1_251' title='bbox 160 2767 193 2811; x_wconf 85' lang='lat'><strong>1)</strong></span> <span class='ocrx_word' id='word_1_252' title='bbox 223 2765 292 2801; x_wconf 75' lang='grc' dir='ltr'><strong>ΜΓ.</strong></span> <span class='ocrx_word' id='word_1_253' title='bbox 319 2767 573 2804; x_wconf 77' lang='lat' dir='ltr'><strong>Meiacariren.</strong></span> <span class='ocrx_word' id='word_1_254' title='bbox 637 2770 676 2814; x_wconf 74' lang='grc' dir='ltr'><strong>α)</strong></span> <span class='ocrx_word' id='word_1_255' title='bbox 707 2767 758 2802; x_wconf 82' lang='lat' dir='ltr'><strong>al.</strong></span> <span class='ocrx_word' id='word_1_256' title='bbox 788 2765 932 2801; x_wconf 82' lang='lat' dir='ltr'><strong>dicitur.</strong></span> <span class='ocrx_word' id='word_1_257' title='bbox 980 2765 1022 2812; x_wconf 76' lang='lat'><strong>3)</strong></span> <span class='ocrx_word' id='word_1_258' title='bbox 1048 2767 1098 2799; x_wconf 88' lang='lat' dir='ltr'><strong>al.</strong></span> <span class='ocrx_word' id='word_1_259' title='bbox 1125 2763 1255 2803; x_wconf 83' lang='lat' dir='ltr'><strong>sonitu.</strong></span> 
     </span>
    </p>
   </div>
  </div>
 </body>
</html>
