1727 3144
193 181 292 230 550
415 192 689 227 annuam
725 188 1123 223 manentum
1165 189 1310 234 xxm,
1345 173 1391 219 5.
1423 174 1470 218 6.

196 303 403 371 pervigil
419 301 521 368 ipse
545 298 875 365 impendentis
897 316 1155 347 aerumnae
1186 311 1396 358 terrore,
1429 294 1613 343 insonis

197 373 426 439 greffibus
451 371 622 420 relicto
647 369 828 430 cubili,
865 368 1089 415 manibus
1123 384 1296 431 repens
1328 380 1377 414 et
1404 364 1614 430 pedibus
1641 390 1650 392 -

199 442 393 509 longius
448 439 544 488 sese
591 438 845 486 discrevit:
908 450 1255 501 repertumque
1323 434 1618 490 funiculum,

203 530 350 577 quem
369 507 613 557 finiendae
637 508 762 554 vitae
792 524 1020 571 paravere
1051 504 1211 566 casus,
1259 503 1320 553 de
1353 504 1491 551 clavo
1522 521 1619 567 pa·-

205 581 314 632 rieti
337 579 493 626 adfixo
517 575 795 642 suspendit:
840 575 929 622 ubi
960 576 1089 622 collo
1118 573 1300 621 inserto
1331 573 1386 639 33)
1408 572 1621 620 animam
1648 625 1652 629 ¹

207 651 390 712 absque
409 647 560 695 moris
589 644 937 694 cruciabilibus
970 642 1222 692 exhalavit.

139 720 198 766 55
310 715 463 774 Quod
484 715 708 763 dolenter
739 714 898 762 ferens
927 713 1182 778 Igmazen,
1228 712 1287 777 ³⁴)
1308 725 1623 775 ereptamque

211 786 302 834 libi
336 786 541 850 gloriam
575 801 798 848 gemens,
838 782 950 847 quia
980 800 1079 828 non
1101 781 1373 845 contigerat
1393 779 1456 827 ad
1475 778 1626 826 castra

214 857 432 904 Romana
451 854 616 902 vivum
638 852 816 898 ducere
841 849 1169 913 perduellem,
1211 848 1495 912 interpolita
1523 846 1626 894 fide

214 923 411 989 publica
441 939 526 984 per
557 919 820 978 Masillam,
859 916 960 981 ipse
1000 918 1185 965 camelo
1226 918 1385 964 necati
1423 914 1628 964 cadaver

215 989 498 1054 impolitum
527 989 712 1046 ferens,
749 1004 862 1032 cum
890 985 1100 1032 tentoria
1129 986 1364 1033 exercitus
1390 985 1629 1033 adventa-

218 1073 292 1107 ret
317 1057 378 1104 ad
414 1053 732 1104 Subicarense
761 1053 1005 1102 castellum
1036 1054 1218 1114 locata,
1269 1053 1320 1100 in
1356 1054 1632 1102 iumentum

218 1126 462 1175 transtulit
480 1123 712 1171 sarcinale
727 1160 740 1185 ,
773 1135 821 1170 et
842 1121 1125 1170 Theodosio
1150 1123 1330 1170 obtulit
1352 1120 1630 1171 exsultanti.

148 1203 206 1249 56
222 1195 322 1253 Qui
341 1192 622 1242 convocatis
644 1192 835 1238 armatis
853 1190 995 1238 fimul
1014 1206 1157 1256 atque
1192 1191 1395 1256 plebeiis
1414 1229 1427 1252 ‚
1471 1193 1632 1238 inter-

221 1264 529 1328 rogatisque,
569 1280 630 1309 an
658 1261 711 1326 ³⁵)
736 1260 1051 1324 agnoscerent
1077 1262 1292 1319 vultum,
1342 1279 1456 1309 cum
1496 1260 1634 1307 eiu:-

223 1336 336 1382 dem
367 1332 457 1380 ess'e
480 1331 578 1379 fine
599 1331 697 1378 ulla
732 1329 973 1377 didicill'et
1002 1330 1228 1394 ambage,
1270 1329 1342 1376 ibi
1372 1328 1635 1394 paullisper

221 1415 438 1453 moratus
466 1401 648 1449 Sitifim
678 1398 1003 1463 triumphanti
1031 1399 1197 1446 limilis
1240 1397 1386 1446 rediit
1425 1412 1637 1457 aetatum,

224 1470 553 1534 ordinumque
574 1469 794 1517 omnium
815 1467 1100 1516 celebrabili
1119 1469 1285 1515 favore
1303 1466 1566 1531 susceptus.

187 1563 206 1593 ι
267 1565 271 1567 v
323 1540 414 1588 VI.
448 1540 581 1586 Dum
602 1538 700 1586 hoc
726 1538 923 1602 pulvere
951 1555 1034 1602 per
1058 1535 1405 1584 Mauritaniam
1423 1537 1522 1583 dux
1542 1554 1638 1582 an·-

228 1609 437 1658 tedictus
464 1608 659 1655 anhelat
687 1621 734 1654 et
753 1606 994 1668 Africam,
1031 1605 1321 1663 Quadorum
1345 1605 1638 1653 natiffmotu

229 1680 296 1728 est
322 1681 357 1743 ¹)
380 1677 532 1725 excita
572 1670 855 1740 repentino,
916 1694 1089 1740 parum
1141 1694 1268 1722 nunc
1309 1673 1636 1733 formidanda,

226 1747 312 1795 sed
332 1744 622 1794 immensum
645 1759 880 1810 quantum
902 1745 1105 1792 antehac
1126 1743 1348 1792 bellatrix
1364 1757 1416 1792 et
1449 1757 1639 1808 potens,

227 1831 283 1863 ut
303 1815 521 1862 indicant
541 1828 837 1879 perpetrata,
869 1814 1102 1879 quoniam
1127 1814 1302 1878 raptim
1322 1811 1638 1878 ²)proclivia,

229 1883 509 1947 obsell'aque
565 1884 626 1929 ab
665 1882 851 1937 ¹iisdem
887 1902 942 1931 ac
989 1881 1350 1930 Marcomannis
1393 1880 1639 1945 Aquileia,

232 1952 642 2016 Opitergiumque
664 1950 896 2012 excisum,
939 1966 987 1998 et
1006 1967 1205 1998 cruenta
1240 1951 1491 2014 complura
1519 1966 1641 2013 per-—

233 2020 381 2068 celeri
409 2033 513 2066 acta
542 2018 825 2082 procinctu:
862 2020 940 2065 vix
963 2020 1200 2066 reliftente
1226 2018 1469 2082 perruptis
1490 2017 1639 2083 Alpi-

234 2090 327 2137 bus
375 2088 515 2136 Iuliis
562 2086 789 2149 Principe
827 2085 979 2148 serio,
1026 2105 1173 2152 quem
1217 2100 1325 2135 ante
1369 2086 1643 2148 docuimus,

236 2158 423 2206 Marco.
495 2155 557 2202 Et
580 2169 709 2217 erat,
745 2168 800 2202 ut
827 2155 1068 2217 barbaris,
1109 2156 1231 2203 ratio
1260 2155 1380 2203 iusta
1411 2156 1643 2221 querela-

191 2249 221 2279 2
238 2246 360 2274 rum.
429 2223 799 2273 Valentinianus
824 2224 953 2272 enim
980 2224 1138 2272 studio
1166 2223 1547 2273 muniendorum
1572 2225 1644 2272 li·-

237 2295 412 2343 mitum
436 2292 647 2358 glorioso
675 2292 900 2357 quidem,
930 2292 1013 2341 sed
1048 2293 1230 2356 nimio,
1276 2295 1336 2340 ab
1367 2293 1473 2357 ipso
1500 2294 1644 2358 prin-

240 2365 429 2428 cipatus
474 2362 616 2408 initio
657 2364 882 2426 flagrans,
952 2376 1080 2409 trans
1118 2364 1300 2410 flumen
1337 2362 1554 2410 Histrum
1593 2362 1643 2410 in

241 2432 354 2497 ipfis
378 2430 666 2488 Quadorum
685 2431 846 2492 terris,
884 2431 1015 2496 quasi
1038 2432 1257 2479 Romano
1284 2431 1380 2478 iuri
1410 2431 1506 2478 iam
1531 2430 1646 2478 vin-

247 2501 445 2563 dicatiS,
501 2499 748 2548 aedificari
804 2500 1112 2564 praefidiaria
1167 2500 1316 2548 castra
1369 2498 1645 2550 mandavit:

291 2709 351 2752 33)
390 2708 440 2741 al.
481 2706 635 2741 animam
670 2718 744 2741 non
782 2717 891 2752 aaqne
926 2706 1025 2744 miris
1061 2706 1327 2742 cruciabilibus.
1386 2707 1448 2750 34)
1475 2702 1543 2740 ΜΓ.
1574 2717 1648 2740 cro·

243 2765 464 2800 ponamque.
523 2754 582 2795 55)
608 2753 658 2785 al.
690 2751 956 2798 cognoscerent.
1013 2755 1050 2801 ι)
1077 2753 1144 2789 ΜΓ.
1174 2753 1337 2789 inexcita.
1401 2755 1440 2798 2)
1463 2749 1531 2787 Ms-
1560 2763 1648 2799 quo-

242 2800 336 2834 niam
360 2799 536 2848 proclivia
565 2796 772 2847 obsessaque
800 2797 856 2834 ab.
