1727 3144
240 166 286 220 ‘gx-
633 158 784 190 iac.
861 159 1309 195 ‹.÷110Nov11

246 264 445 338 'palatus
474 284 522 319 et
551 269 766 333 compita
798 269 1081 334 quaeritass'e
1103 271 1294 319 Gracco
1317 269 1564 332 sermone,
1600 284 1649 318 ct

256 342 376 389 hinc
409 341 654 392 Graecum
679 337 727 386 se
760 352 925 400 vocat,
963 339 1015 386 in
1043 358 1097 386 ea
1127 341 1250 387 urbe
1279 354 1395 388 tuuc
1424 334 1523 386 non
1547 353 1649 388 erat

257 409 370 458 usus
390 405 591 456 Latinae
610 408 803 471 linguae
817 407 841 454 ?
871 422 954 455 aut
977 427 1037 454 an
1058 408 1240 456 Romae
1253 423 1369 456 tunc
1388 408 1455 455 ita
1475 409 1648 473 utique

257 479 613 544 loquebantur,
651 491 707 525 ut
735 494 866 524 nunc
894 475 1062 523 scribit
1093 478 1402 538 Ammianus,
1457 484 1524 525 ex¹
1551 477 1649 524 illis
1675 471 1684 481 ²

257 547 508 607 barbaris,
548 564 671 610 quae
701 545 818 591 illuc
848 544 1083 594 influxiss'e
1112 545 1213 610 ipse
1231 546 1286 594 ,in
1304 546 1380 593 his
1398 545 1537 601 libris
1555 564 1651 593 an·-

259 631 398 665 notat
420 615 727 674 nominibuS‚
764 614 972 678 plurima
995 629 1225 678 corrupta
1243 614 1378 662 fuiffe
1407 614 1652 662 innuens?

262 687 377 734 Fuit
398 686 638 745 Graecus,
671 682 756 730 sed
778 684 946 748 utique
977 683 1070 732 fuit
1101 684 1363 746 ingenuus,
1397 697 1452 730 ut
1475 682 1522 731 se
1549 681 1652 748 ipse

263 754 521 814 describit,
569 772 625 800 ac
661 753 786 800 benc
829 767 993 814 natus,
1042 767 1097 800 ut
1137 753 1380 801 Henricus
1417 751 1653 812 Valefius,

261 823 426 872 nescio
448 842 535 870 cur
555 821 700 869 etiam
722 821 782 869 de
807 819 926 870 vitio
953 839 1150 883 eorum,
1183 822 1268 887 qui
1295 835 1526 887 provecta
1555 821 1656 868 iam

263 907 419 941 aetate
457 891 519 939 ad
551 890 706 941 studia
754 889 801 938 se
839 891 1099 939 conferunt
1138 891 1305 956 (quod
1343 891 1515 956 utique
1553 887 1655 956 ipse

264 961 487 1026 nescivit)
508 959 695 1024 aliquid
716 960 897 1007 iactans
918 959 1095 1024 probat
1109 998 1121 1021 ‚
1159 974 1205 1007 et
1232 960 1349 1008 hinc
1369 978 1456 1007 cur
1474 976 1576 1006 nou
1595 957 1658 1006 ad

265 1031 520 1095 utriusque
549 1030 743 1092 linguae
772 1028 1301 1094 peritiamyeducatus'?
1335 1027 1467 1076 unde
1495 1046 1657 1093 quan—

267 1119 414 1165 quam
438 1100 684 1145 Graecum
705 1097 751 1146 se
776 1097 906 1145 dicat
926 1098 1200 1162 aliquoties,
1228 1113 1388 1146 tamen
1408 1098 1537 1145 libro
1559 1113 1660 1144 xxti

266 1188 372 1233 cap.
397 1186 442 1229 9.
466 1167 506 1230 ᾗ.
534 1186 578 1229 7.
600 1165 815 1215 scribens
842 1170 974 1231 qaod
992 1171 1166 1213 cadere
1191 1185 1275 1213 nos
1297 1169 1528 1224 dicimus,
1558 1183 1661 1213 non

262 1238 313 1286 se
342 1238 527 1284 eiurare
556 1237 827 1284 Romanam
861 1235 1157 1284 demonstrat
1185 1236 1438 1300 originem.
1512 1233 1664 1298 Quali

264 1325 368 1354 non
390 1304 593 1368 operosa
610 1306 790 1364 moles,
826 1305 1029 1353 varietas
1056 1323 1242 1365 rerum,
1273 1304 1416 1352 series
1433 1304 1662 1351 historiae

266 1394 357 1441 per
377 1387 451 1421 tot
472 1373 635 1437 plagas
658 1380 897 1434 terrarum
916 1370 1097 1432 euntis,
1142 1373 1322 1419 sincera
1348 1372 1466 1419 fidei
1499 1390 1553 1419 ac
1582 1388 1663 1419 ve·-

269 1444 423 1493 ritatis
445 1443 659 1496 cautela,
694 1441 796 1504 ipsa
815 1440 979 1504 magui
1000 1441 1148 1486 animi
1171 1439 1433 1487 declaratio
1449 1478 1461 1501 ‚
1499 1441 1550 1486 in
1583 1441 1661 1488 his

268 1513 460 1577 scriptis
489 1509 779 1557 mirabiliter
807 1510 1077 1568 ducentes,
1123 1511 1275 1556 immo
1309 1508 1410 1572 ipsa
1437 1510 1663 1573 loquutio

268 1577 308 1631 li
328 1600 428 1628 non
460 1578 635 1644 optimi
659 1575 838 1623 saeculi
867 1590 913 1623 et
942 1577 1223 1636 commatis,
1257 1578 1429 1641 utiquc
1458 1578 1522 1625 lic
1558 1579 1665 1625 ela-

268 1652 466 1708 borma,
501 1660 555 1693 ut
580 1660 741 1710 pateat
772 1663 871 1693 non
901 1645 1244 1708 temporariam
1276 1664 1331 1692 ac
1363 1648 1667 1710 repentinam

270 1735 388 1766 tunc
409 1715 571 1776 fuiss'e,
607 1733 706 1762 uon
727 1715 866 1762 brevi
886 1727 1068 1778 pun-‘no
1091 1728 1330 1777 arreptam
1346 1751 1358 1775 ,
1399 1714 1480 1763 sed
1498 1716 1582 1774 cui,
1602 1717 1664 1765 ab

270 1789 422 1850 longo
461 1800 682 1848 tempore
723 1775 1010 1830 melioribus
1051 1782 1382 1830 incumbendo
1426 1783 1663 1849 adsuerat,

270 1859 426 1906 ferme
475 1854 729 1901 enuntians
770 1851 998 1899 universo
1035 1852 1239 1899 bellicae
1279 1853 1404 1899 vitae
1439 1867 1663 1918 tempore

269 1926 377 1975 suas
397 1921 670 1973 occasiones
693 1922 744 1967 in
764 1922 908 1969 variis
939 1920 1373 1968 commoditatibus
1398 1923 1665 1988 laxatisque

272 2009 524 2044 auctorem
545 1989 815 2051 secrevisse,
853 2008 971 2055 cpias
994 1989 1118 2036 serio
1141 1989 1438 2054 impenderit
1459 1990 1574 2052 fibi,
1609 1992 1686 2039 ut'

271 2066 371 2112 iam
396 2078 511 2110 tunc
534 2059 695 2107 forsan
725 2058 1128 2120 commentariOS,
1174 2059 1335 2123 postea
1365 2059 1664 2125 quandoque
1726 2105 1727 2112 ,

275 2130 550 2182 dilatandos
575 2143 623 2176 et
641 2128 881 2176 venustius
901 2126 1255 2193 facundiusque
1276 2127 1536 2189 ornandos,
1562 2129 1668 2177 sen-

272 2204 361 2252 Jim
379 2198 645 2262 collegerit.
715 2197 789 2244 Ita
811 2215 898 2261 per
920 2196 1145 2243 militiam
1172 2195 1561 2255 consummatus,
1603 2216 1664 2246 nc

276 2269 510 2335 digressus
533 2267 594 2313 ad
612 2267 761 2312 larem
782 2264 1097 2330 tranquillum
1121 2265 1302 2328 periret
1333 2265 1460 2326 otio,
1499 2280 1581 2313 aut
1612 2281 1666 2314 ut

275 2341 396 2390 alios
417 2335 576 2385 fecisse
607 2349 721 2381 tunc
751 2334 934 2382 Romae
965 2333 1197 2394 ostendit,
1243 2334 1393 2382 multa
1424 2334 1664 2397 placentia

275 2424 359 2458 aut
388 2407 543 2455 aliena
572 2402 829 2451 referendo
862 2403 912 2451 in
941 2402 1134 2449 circulis
1163 2417 1353 2466 tempus
1393 2416 1569 2449 tereret
1607 2421 1662 2451 ac

262 2480 506 2543 pleraque
529 2473 740 2532 falleret,
769 2471 1093 2536 iutegritatem
1116 2471 1265 2518 animi
1282 2469 1557 2534 scrupulosa
1588 2471 1664 2517 hi-

276 2547 418 2594 storia
448 2540 704 2592 scribenda
738 2539 1058 2601 declarando,
1102 2540 1273 2587 maluit
1301 2556 1440 2602 agere
1471 2538 1663 2587 causam

275 2612 583 2680 posteritatis.

378 2682 522 2729 Unde
543 2679 654 2727 sane
675 2678 820 2726 etiam
845 2675 1016 2742 dignus
1047 2691 1170 2737 erat,
1218 2690 1273 2723 ut
1297 2676 1344 2725 iu
1365 2675 1461 2723 hoc
1489 2675 1666 2722 frctcn-

278 2751 336 2798 lis
362 2751 547 2803 (Jecaui
569 2748 732 2797 accola
755 2749 970 2813 populo,
1004 2764 1151 2813 quem
1173 2744 1360 2794 nonnisi
1380 2743 1440 2792 de
1464 2744 1667 2792 meliore
