1727 3144
227 192 494 226 VALENT.
527 191 658 225 vAL.
696 193 768 223 ET
807 193 1097 224 GRATIAN.
1172 184 1285 242 571.
1392 191 1487 249 529

83 301 403 352 combustos·
447 302 785 367 Excubiasque
809 320 950 367 agens
970 322 1084 352 cura
1105 307 1343 370 pervigili,
1379 312 1551 368 bar-50

84 372 316 419 baroruin
338 369 527 437 aliquos
550 370 714 432 ausos,
752 391 862 418 cuni
894 373 1122 437 adparere
1150 392 1250 422 non
1281 379 1482 440 polsent,

82 440 190 504 post
225 438 447 487 occasum
480 441 622 487 lunae
654 440 800 488 castra
831 440 910 488 sua
943 455 1154 503 tentare,
1203 444 1355 506 fudit,
1410 453 1486 497 vel

81 508 319 556 irruentes
353 508 607 556 audentius
637 509 782 573 cepit.
875 509 1118 574 Digress'us
1150 512 1319 561 exinde
1348 516 1487 578 palli-

80 577 178 623 bus
194 578 332 636 citis,
366 579 419 643 ³¹)
443 577 698 625 Iesalenses
720 591 775 624 ut
793 579 1046 641 ambiguae
1067 580 1185 627 fidei
1208 600 1294 644 per
1322 586 1485 632 trami-

80 659 152 693 tes
181 646 378 693 adortus
412 647 665 710 obliquos,
717 645 846 693 unde
885 666 1055 710 parum
1088 649 1267 712 sperari
1308 654 1483 715 potuit,

81 714 144 761 ad
164 716 441 779 paenuriam
462 715 658 761 vastavit
678 729 964 761 extremam:
1006 734 1186 781 perque
1216 719 1371 765 Cael'ax
1387 722 1486 768 ien-

79 782 139 830 fis
169 784 487 830 Mauritaniae
520 781 701 845 oppida
737 780 954 828 reversus
982 784 1191 845 Sitifim,
1240 788 1484 840 Castorem

79 865 128 898 et
159 850 507 897 Martinianum
536 850 815 912 rapinarum
849 851 1245 919 flagitiorumque
1279 856 1485 905 Romani

12 923 16 926 ’
79 919 367 985 participes,
400 918 461 964 ad
482 918 732 966 interitum
757 932 908 966 tortos
934 921 1165 969 incendit.

180 987 553 1051 Redintegratur
589 987 691 1051 post
730 987 848 1034 haec
888 1006 998 1034 cum
1046 990 1345 1040 Isaflensibus
1385 994 1546 1047 bel-51

71 1057 211 1105 ilum:
247 1057 503 1122 primoque
527 1056 761 1103 conflictu
787 1057 1099 1104 barbarorum
1133 1061 1352 1123 pluribus
1383 1066 1486 1126 pul-

79 1125 139 1172 fis
162 1140 209 1173 et
231 1125 523 1185 interfectis,
562 1143 643 1172 rex
663 1143 831 1172 eorum
856 1131 1072 1189 Igmazen
1090 1166 1102 1188 ,
1134 1132 1326 1177 vincere
1355 1147 1484 1179 ante-

80 1194 173 1241 hac
193 1194 444 1254 adsuetus,
476 1208 660 1241 terrore
682 1197 917 1241 fluctuans
944 1198 1055 1242 mali
1086 1197 1371 1260 praesentis,
1415 1203 1484 1247 ni-
1546 1221 1550 1226 ’

15 1299 17 1301 -
79 1263 251 1328 hilque
282 1262 588 1310 commerciis
609 1263 767 1309 vetitis
789 1263 850 1309 ad
873 1265 1017 1311 vitam
1046 1265 1145 1330 spei
1175 1267 1264 1313 fibi
1289 1270 1482 1331 restare,

79 1332 118 1378 fi
139 1333 421 1379 obstinatius
444 1332 617 1395 egerit,
649 1328 906 1379 arbitratus
921 1371 932 1391 ,
965 1350 1198 1396 quantum
1219 1352 1357 1384 caute
1378 1340 1486 1385 fieri

80 1402 244 1464 potuit
264 1416 311 1448 et
335 1402 547 1460 occulte,
574 1402 797 1464 prorupit
821 1419 876 1448 ex
903 1404 1003 1448 acie
1038 1406 1192 1451 l'olus:
1233 1405 1485 1470 visumque

82 1469 420 1517 Theodofium
450 1467 727 1533 suppliciter
760 1472 923 1532 petiit,
966 1486 1019 1516 ut
1046 1472 1105 1537 ³²)
1131 1472 1363 1520 Malillam
1385 1476 1487 1522 Ma·-

82 1539 238 1585 zicum
264 1539 549 1602 optimatem
569 1541 629 1583 ad
651 1538 696 1586 se
718 1540 881 1585 venire
912 1541 1115 1586 iuberet.
1197 1541 1290 1588 Per
1321 1549 1553 1606 quem,52

81 1622 137 1654 ut
157 1621 424 1671 rogaverat,
461 1607 668 1668 miss'um,
700 1607 1002 1654 clandestinis
1017 1609 1486 1674 colloquiismonuit

84 1675 258 1723 ducem
279 1677 449 1741 suopte
483 1676 680 1740 ingenio
716 1677 1039 1739 pertinacem,
1078 1691 1132 1725 ut
1163 1678 1224 1725 ad
1254 1682 1488 1742 praeben-

81 1744 197 1791 dam
227 1745 315 1792 libi
349 1746 536 1809 copiam
568 1745 764 1807 agendi,
809 1765 931 1809 quae
968 1747 1135 1806 vellet,
1168 1749 1485 1812 popularibus

79 1813 178 1860 suis
203 1814 376 1861 ac'riter
398 1815 688 1874 immineret,
726 1831 905 1877 eosque
928 1814 1214 1863 adliduitate
1237 1816 1488 1880 pugnandi

81 1897 291 1930 mutaret
310 1884 359 1929 in
384 1897 592 1943 metum,
628 1898 883 1946 promptos
911 1884 1111 1947 quidem
1133 1884 1194 1930 ad
1227 1884 1488 1947 perduellis

80 1953 324 2011 favorem,
359 1952 442 1999 sed
465 1953 660 1998 iacturis
694 1952 1046 2014 multiplicibus
1078 1951 1234 1998 feffos.
1321 1952 1552 2005 Paruit53

84 2019 392 2067 Theodofius
423 2020 591 2066 dictis:
649 2034 696 2066 et
735 2020 994 2065 crebritate
1031 2021 1351 2066 certaminum
1393 2022 1485 2068 Isa-

80 2089 250 2137 flenses
270 2089 336 2136 ita
365 2088 615 2152 protrivit,
647 2101 698 2134 ut
727 2086 900 2134 iisdem
934 2088 1210 2134 labentibus
1243 2107 1377 2135 more
1411 2108 1486 2152 pe-

83 2157 291 2216 cudum,
335 2158 526 2209 Firmus
555 2157 759 2202 latenter
794 2156 1043 2215 evaderet,
1073 2170 1137 2220 'et
1167 2156 1282 2202 aviis
1306 2171 1352 2203 et
1383 2158 1486 2203 diu-

80 2226 237 2274 turnis
271 2225 468 2273 latebris
511 2225 869 2281 amandandus,
918 2226 1065 2285 inibi,
1128 2223 1244 2270 dum
1279 2224 1339 2271 de
1375 2226 1488 2289 suga

65 2295 348 2356 consultat,
394 2308 554 2341 tentus
600 2294 659 2338 ab
704 2294 956 2358 Igmazene
1001 2293 1335 2339 custodiretur.
1422 2294 1554 2349 -Εῐ54

85 2364 319 2429 quoniam
343 2363 593 2411 obscurius
615 2361 738 2424 gesta
761 2362 998 2409 didicerat
1028 2380 1111 2424 per
1143 2360 1401 2422 Masillam,
1439 2362 1490 2408 in

84 2434 309 2480 extremis
350 2435 494 2480 'rebus
527 2449 676 2477 unum
708 2431 975 2477 remedium
1010 2430 1244 2493 l'uperell'e
1276 2444 1492 2477 contem-

83 2503 249 2567 plans,
283 2502 469 2548 calcare
491 2498 685 2547 vivendi
708 2499 1020 2563 cupiditatem
1043 2498 1307 2545 voluntaria
1332 2498 1492 2544 statuit

84 2584 268 2618 morte:
302 2571 512 2634 vinoque
541 2568 760 2615 consulto
787 2568 1048 2625 distentus,
1086 2582 1131 2612 et
1163 2568 1492 2629 crapulcntus,

87 2638 242 2685 lilenti
296 2653 438 2686 nocte
490 2637 719 2702 opprcllis
767 2637 936 2684 altiore
976 2636 1146 2682 somno
1192 2635 1488 2699 custodibus,

131 2807 192 2850 δι)
220 2801 287 2838 ΜΓ.
318 2799 564 2838 Vcss'alienscs.
621 2809 677 2846 fs,
711 2796 779 2832 ΜΓ.
810 2795 976 2892 λέᾗίῑηνη
1016 2827 1021 2832 .

565 2749 677 2756 -.--
