1727 3144
239 212 335 258 190,
438 211 750 247 ·ΑΜΜΙΔΝῙ
801 210 1189 248 MARCELLINI
1233 216 1343 259 XIX,
1388 219 1436 264 9.

236 325 404 390 itaque
443 321 699 372 consulens
737 321 894 384 suam,
960 337 1008 371 et
1048 324 1318 373 accidentia
1351 327 1495 392 longe
1534 341 1647 376 ante

236 391 577 460 prospiciens,¹
599 393 836 440 anxietate
858 392 1032 440 bifaria
1055 393 1403 458 stiingebatur‚
1440 396 1648 446 viduita-

236 477 338 512 tem
367 462 603 512 detestans
631 475 679 509 et
708 462 916 526 nuptias.
1015 462 1137 510 Ideo
1178 464 1463 512 familiaiem
1505 465 1647 513 suum

235 549 474 597 perquam
495 531 651 579 fidum
671 568 683 592 ,
732 531 1084 597 regionumque
1120 532 1502 598 Mesopotamiae
1535 552 1647 598 gna-

236 619 372 662 rum,
408 601 449 665 ²)
470 618 556 665 per
580 601 758 648 Izalam
783 614 1001 648 montem
1025 601 1152 648 inter
1178 602 1364 650 castella
1392 602 1648 668 praesidia-

236 669 308 718 ria
341 670 378 735 ³)
412 668 536 731 duo,
575 668 768 717 Maride
798 683 847 717 et
877 670 1069 726 Lorne,
1106 671 1421 719 introiturum
1455 670 1649 719 Nifibin

236 739 429 787 occulte
450 736 655 800 dimifit,
686 737 926 786 mandatis
950 739 1234 804 arcanisque
1266 741 1391 788 vitae
1428 741 1648 788 secretio-

236 808 302 855 ris
331 806 560 854 maritum
592 825 823 868 exorans,
863 821 918 853 ut
948 806 1149 869 auditis,
1191 827 1314 873 quae
1335 810 1648 872 contigerint,

187 877 423 925 Sveniret
453 874 617 923 secum
651 877 792 924 beate
824 875 1056 923 victurus.
1157 877 1351 934 Quibus
1389 892 1648 925 contentus

236 944 490 1010 expeditus
522 946 720 1022 viator&
745 961 833 1021 per
859 943 1092 992 saltuosos
1127 947 1342 994 tramites
1374 961 1420 994 et
1439 947 1650 994 frutecta

233 1013 429 1062 Nifibin
451 1012 659 1077 passibus
681 1013 788 1059 cias
809 1012 1068 1075 ingressus,
1102 1013 1450 1079 causatusque,
1490 1016 1538 1063 se
1564 1015 1651 1062 do-

233 1083 365 1130 mina
396 1099 639 1145 nusquam
668 1081 792 1140 visa,
842 1094 889 1128 et
922 1080 1120 1128 forfitan
1157 1082 1472 1149 interempta,
1536 1085 1649 1132 data

237 1149 478 1198 evadendi
503 1150 645 1212 copia
673 1149 834 1195 castris
864 1148 1121 1195 hostilibus
1140 1151 1428 1215 absceffisse,
1465 1168 1511 1201 et
1532 1153 1648 1200 ideo

238 1233 290 1266 ut
319 1219 441 1267 vilis?
452 1218 716 1281 neglectus,
749 1217 895 1264 docet
927 1216 1287 1284 Craugasiumg
1261 1220 1411 1268 nesta:
1439 1237 1651 1286 moxque

236 1300 438 1352 accepta
460 1285 587 1347 fide,
631 1285 793 1351 quod,
844 1285 880 1331 fi
900 1299 1007 1332 tuto
1030 1286 1251 1348 licuerit,
1259 1256 1511 1354 Dsequetur
1535 1309 1652 1338 con-

235 1357 402 1421 iugem
420 1355 605 1416 libens,
639 1352 785 1403 cvafit
805 1368 1092 1420 exoptatum
1114 1356 1309 1403 mulieii
1333 1359 1558 1407 nuntium
1584 1361 1653 1407 fc-

236 1443 372 1473 rens:
411 1441 535 1488 quae
556 1424 654 1471 hoc
673 1424 891 1488 cognito,
928 1425 969 1488 ⁴)
993 1442 1079 1488 pei
1099 1423 1451 1491 Tamsaporem
1473 1427 1651 1477 ducem

235 1493 593 1559 supplicaverat
612 1492 729 1557 regi,
760 1505 830 1554 ut,
866 1492 903 1538 li
928 1490 1124 1540 daietui
1139 1494 1357 1555 facultaS‚
1390 1511 1653 1562 antequam

236 1562 472 1610 Romanis
502 1560 758 1610 excedeiet
785 1530 992 1622 fi'nibus,
1038 1562 1088 1607 in
1121 1563 1406 1627 potestatem
1426 1564 1591 1614 suam
1580 1585 1653 1614 lu-

235 1632 376 1679 beret
395 1631 639 1695 propitius
667 1631 897 1677 maritum
919 1629 1134 1678 adscisci.

189 1709 220 1753 6
334 1699 534 1747 Praeter
561 1698 728 1777 spem
717 1713 881 1763 itaque
904 1700 1123 1747 omnium
1145 1698 1353 1763 digresso
1372 1700 1559 1750 advena
1579 1721 1653 1754 re-

236 1768 467 1833 pentino,
500 1769 587 1833 qui
610 1768 907 1833 postliminio
928 1767 1173 1830 reversus,
1205 1768 1362 1817 statim
1382 1769 1480 1819 fine
1504 1772 1651 1820 ullius

237 1836 435 1884 evanuit
456 1837 767 1898 conscientia,
801 1836 1050 1902 perculsus
1071 1839 1107 1903 ⁵)
1129 1836 1401 1902 suspicione
1426 1839 1524 1886 dux
1541 1839 1653 1888 Cas*

234 1905 412 1962 fianus,
446 1905 870 1970 praesidentesque
892 1906 964 1953 ibi
984 1924 1212 1971 proceres
1236 1907 1334 1968 alii,
1372 1908 1651 1956 minitantes

235 1974 410 2021 ultima
436 1972 746 2037 Craugasium
764 1974 1076 2034 incessebant,
1110 1992 1209 2021 non
1230 1973 1329 2022 fine
1357 1975 1459 2022 eins
1481 1977 1652 2024 volun-

239 2057 338 2090 tate
367 2042 445 2090 vel
472 2040 675 2102 venisse,
724 2043 803 2090 vel
845 2042 991 2090 abiffe
1037 2042 1292 2089 hominem
1330 2044 1648 2093 clamitantes.

191 2109 283 2176 7⁶)
318 2110 420 2168 Qui
447 2109 743 2174 proditionis
771 2125 991 2157 metuens
1033 2110 1244 2171 crimen,
1293 2111 1649 2178 impendioque

238 2178 504 2237 sollicitus,
545 2196 605 2226 ne
636 2179 923 2226 nansitione
944 2179 1183 2256 perfugae
1211 2197 1335 2227 uxor
1365 2180 1466 2228 eius
1487 2181 1650 2246 super-

242 2247 335 2296 effe
364 2247 651 2306 doceretur,
689 2261 736 2295 et
767 2248 958 2295 tractari
993 2247 1225 2312 piissime·
1216 2286 1228 2310 ,
1266 2266 1354 2312 per
1387 2249 1650 2298 simulatio-

239 2335 357 2365 nem
390 2317 755 2364 n1at1imonium
781 2317 976 2364 alterius
1012 2315 1294 2380 splendidae
1332 2318 1530 2382 virginis
1567 2319 1650 2366 ad-

240 2386 457 2434 fectavit.
528 2385 592 2433 Et
614 2385 744 2433 velut
762 2400 1012 2450 paraturus
1032 2386 1290 2433 necess'aria
1309 2386 1537 2435 convivio
1561 2406 1651 2434 nu.

240 2455 407 2520 ptiali,
482 2454 688 2519 egress'us
728 2454 789 2501 ‘ad
822 2455 985 2502 villam
1022 2469 1194 2502 octavo
1230 2454 1393 2519 lapide
1419 2455 1478 2501 ab
1521 2457 1644 2504 urhe

244 2522 520 2587 distantem,
551 2525 591 2590 ⁷)
615 2524 812 2572 concito
836 2541 964 2589 equo
984 2523 1048 2571 ad
1070 2522 1321 2572 Persarum
1341 2523 1649 2573 vastatorium

288 2730 327 2773 2)
363 2725 672 2778 Mf.perizal1m
733 2731 776 2782 3)
805 2730 873 2766 Ms.
912 2727 1148 2764 Duomrnidc.
1206 2730 1244 2776 4)
1278 2726 1345 2762 ΜΓ.
1384 2739 1449 2776 per
1490 2738 1560 2762 tam
1597 2726 1648 2763 sa-

242 2776 826 2825 porrn1.5)Ms.pe.—1ni1ione.
880 2779 916 2822 6)
952 2777 1004 2810 al
1044 2777 1121 2821 Qui
1148 2787 1233 2810 vcro
1268 2774 1374 2823 pmd.
1431 2777 1468 2821 7)
1502 2774 1646 2809 (oncito

242 2831 350 2867 equo.
