1727 3144
179 188 274 234 262
418 200 692 234 amimam
731 199 1123 236 MAReiszm
1163 199 1280 248 xm,
1325 187 1401 235 15.
1444 196 1502 234 lb

187 329 320 372 mam
337 309 456 358 hinc
482 310 796 376 pergentibus
814 309 1094 371 stationem,
1139 307 1229 357 sub
1255 310 1408 358 Tauri
1430 308 1613 358 montis

190 380 440 430 radicibus
476 380 707 445 politam:
748 378 1012 443 egredique
1049 377 1254 442 sequuto
1286 378 1365 427 die
1392 394 1611 440 conatus,

189 446 439 513 invalent'e
469 449 632 496 morbi
651 449 878 512 gravitate
901 446 1124 495 detentus
1145 448 1237 507 est:
1264 449 1613 513 paullatimque

197 520 370 567 utente
393 520 554 566 calore
577 517 730 565 nimio
755 535 923 578 v,enas
957 530 1011 563 ut
1029 534 1091 564 ne
1116 517 1249 580 tangi
1275 517 1477 581 quidem
1510 534 1617 564 cor-

199 606 293 655 pus
324 586 426 634 eius
456 586 648 653 poss'et'
635 604 688 634 m
722 584 927 634 modum
947 585 1100 633 foculi
1119 585 1337 647 fervens,
1369 604 1479 633 cum
1504 583 1618 632 usus

206 656 440 703 deficeret
470 654 806 717 medelarum,
889 655 1118 701 ultimum
1156 653 1353 732 spirans
1408 653 1623 702 deflebat

208 726 438 773 exitium:
495 725 769 790 mentisque
801 720 940 771 sensu
971 737 1073 771 tum
1105 723 1251 771 etiam
1269 724 1488 786 integ10‚
1517 721 1621 770 suc-

209 793 442 842 cellorem
473 792 581 841 suae
611 792 858 858 potestatis
898 791 1103 839 statuiffe
1139 790 1319 838 dicitur
1359 787 1620 839 Iulianum.

161 866 193 912 3
213 861 408 911 Deinde
438 861 698 912 anhelitu
685 880 782 910 lam
817 858 1028 925 pulsatus
1061 860 1195 908 letali
1216 859 1476 909 conticuit:
1519 859 1629 907 diu-

216 949 311 996 que
341 949 454 980 cum
486 932 646 978 anima
677 929 1010 979 colluctatus
999 947 1097 976 iam
1120 928 1406 990 discess'ura,
1447 928 1569 976 abiit
1586 945 1623 976 e

215 1001 313 1047 vita
351 997 976 1058 III.N0n.Octol›1-ium,
1015 997 1212 1073 imperii
1248 997 1473 1064 vitaeque
1493 1013 1624 1045 anno

217 1066 585 1135 quadragefimo
612 1079 660 1113 et
680 1064 922 1112 menslbus
945 1065 1124 1128 paucis.

169 1132 200 1188 4
315 1135 427 1182 Post
459 1151 610 1197 quae,
649 1131 886 1197 supiemis
913 1150 1026 1179 cum
1065 1137 1249 1196 gem-itu
1294 1134 1626 1195 conclamatis,

218 1203 484 1279 excitisque
500 1201 724 1251 lamentis
738 1214 786 1248 et
802 1201 960 1249 luctu:
982 1201 1492 1251 deliberabantlocum
1504 1203 1631 1250 obti-

217 1286 387 1320 nentes
408 1272 459 1317 in
492 1271 600 1317 aula
636 1269 766 1333 reg-ia
791 1269 1020 1346 primum,
1050 1269 1173 1335 quid
1201 1285 1413 1334 agerent,
1446 1271 1630 1335 quidve

219 1339 388 1387 moliri
409 1339 559 1386 debe1
563 1353 668 1386 ent
712 1338 979 1404 paucisque
1010 1340 1200 1398 occulte
1228 1338 1371 1404 luper
1401 1338 1630 1404 eligendo

220 1409 526 1473 Imperatore
539 1407 752 1467 tentatiS‚
771 1406 1016 1468 incitante,
1042 1422 1099 1454 ut
1112 1408 1374 1472 serebatur,
1401 1406 1633 1470 Eusebio,

225 1496 374 1542 quem
394 1495 630 1527 noxarum
657 1474 953 1524 conscientia
983 1476 1273 1538 stimulabat,
1308 1494 1421 1524 cum
1451 1494 1634 1525 novan-

226 1546 301 1593 dis
322 1546 494 1594 rebus
482 1545 745 1592 imminens
766 1543 1013 1593 ohfistfflet
1024 1545 1269 1593 Iulianus:
1289 1546 1550 1594 mittuntur
1569 1543 1634 1593 ad

225 1633 339 1663 eum
394 1613 737 1678 Theolaiphus
792 1628 841 1662 et
893 1613 1164 1678 Aligildus,
1221 1628 1339 1663 tunc
1397 1614 1633 1675 Comites,

223 1697 438 1730 moitem
457 1682 731 1730 indicantes
757 1682 1046 1746 propinqui,
1078 1697 1126 1731 et
1161 1684 1372 1745 oraturi,
1409 1697 1464 1730 ut
1495 1700 1635 1731 mora

225 1751 362 1798 omni
394 1750 592 1815 depulsa
621 1750 685 1798 ad
715 1750 1039 1799 obtinendum
1067 1721 1406 1816 obtemperaie
1434 1751 1525 1799 fibi
1555 1770 1639 1817 pa-

177 1827 208 1872 5
227 1834 385 1866 ratum
407 1819 631 1867 tenderet
651 1819 920 1868 Orientem.
1002 1820 1149 1868 Fama
1179 1835 1341 1869 tamen
1369 1838 1637 1886 rumorque

223 1888 522 1952 loquebatur
565 1889 607 1952 ³)
638 1888 880 1948 incertus,
943 1889 1279 1937 Constantium
1334 1891 1638 1938 voluntatem

228 1956 467 2004 ordinaffe
496 1956 814 2021 postremam:
862 1956 914 2002 in
941 1975 1038 2019 qua
1079 1959 1353 2019 Iulianum,
1404 1971 1460 2004 ut
1505 1975 1640 2022 prae-

230 2023 466 2086 diximus,
507 2023 696 2088 scripfit
730 2022 989 2071 heredem:
1039 2039 1087 2072 et
1126 2025 1186 2072 iis‘
1213 2043 1352 2088 *quos
1385 2026 1647 2090 diligebat‚.

185 2092 600 2140 fifideicommiffa
645 2091 821 2139 detulit
868 2105 915 2138 et
952 2091 1124 2155 legata.
1208 2094 1426 2142 Uxorem
1473 2108 1638 2143 autem.

228 2175 583 2226 praegnantem
604 2160 826 2225 reliquit,
865 2158 996 2208 unde
1024 2160 1155 2211 edita
1191 2162 1469 2227 posthuma,
1511 2163 1638 2211 eius-

233 2248 327 2294 que
348 2231 546 2278 nomine
567 2229 832 2294 adpellata,
869 2247 981 2282 curn
1001 2228 1305 2294 adolevisset‚
1335 2231 1638 2280 matrimonii

232 2299 338 2348 iure
361 2299 590 2363 copulata
613 2297 678 2346 est
699 2298 951 2347 Gratiano.

191 2378 210 2404 ¹
330 2369 474 2415 XVI.
518 2368 770 2415 Bonorum
801 2367 948 2431 igitur
983 2365 1312 2433 vitiorumque
1353 2367 1457 2415 eius
1502 2368 1639 2417 diffe-

231 2437 387 2484 rentia
414 2454 527 2484 vere
549 2435 759 2494 servata,
793 2435 1055 2501 praecipua
1088 2436 1244 2500 prima
1269 2437 1527 2485 conveniet
1561 2455 1638 2485 ex·-

232 2504 408 2568 pediri.
489 2504 838 2569 Imperatoriae
881 2504 1182 2552 auctoritatis
1207 2505 1504 2553 cothurnum
1530 2507 1641 2554 ubi-

235 2592 329 2636 que
350 2574 626 2622 custodiens
640 2611 654 2635 ,
685 2573 1062 2640 popularitatem
1092 2574 1218 2621 elato
1238 2574 1400 2622 animo
1422 2589 1640 2624 contem-

234 2643 380 2688 nebat
402 2657 449 2690 et
479 2659 684 2707 magno:
729 2659 840 2708 erga
863 2640 1154 2711 ‘tribuendas
1172 2642 1404 2710 ‚celsiores
1434 2643 1638 2709 diguita-

277 2805 320 2850 2)
349 2806 401 2839 al.
430 2805 589 2843 interIrn.
