1727 3144
174 151 304 182 VAL.
343 147 638 182 GRATIAN·
684 153 759 183 Εἰ·
791 142 1048 185 VALENT.
1087 153 1131 185 2.
1207 141 1320 202 578.
1411 143 1507 203 595

95 277 212 308 cum
239 260 414 308 itinere
458 259 621 309 edicto
662 280 749 326 per
785 260 1002 311 tefferam
1041 267 1075 330 ¹)
1098 263 1253 312 Nicen
1290 263 1504 330 veniss'et,

97 346 220 394 quae
256 330 393 376 statio
425 330 490 377 ita
526 332 922 395 cognominatur:
971 334 1203 381 relatione
1240 332 1528 398 speculato(

95 416 206 445 rum
247 397 448 459 didicit,
507 401 709 447 refertos
764 403 927 466 opima
971 402 1202 450 barbaros
1255 405 1430 467 praeda
1476 425 1503 453 a

91 465 380 532 Rhodopeis
396 469 641 516 „tractibus
664 470 704 533 ²)
727 488 878 534 prope
913 470 1320 536 Hadrianopolim
1346 492 1503 521 rever-

89 535 221 583 tiffe:
276 538 361 601 qui
393 552 530 584 motu
566 539 879 601 Imperatoris
909 558 1018 587 cum
1050 542 1317 588 abundanti
1345 542 1503 591 milite

91 606 320 668 cognito,
360 607 678 670 popularibus
705 608 904 671 iungere
938 608 1188 667 festinant,
1240 611 1368 658 eirca
1410 612 1500 660 Be-

91 691 255 720 roeam
287 688 334 721 et
366 674 650 738 Nicopolim
682 676 959 739 ingentibus
993 676 1239 739 praefidiis
1267 681 1399 726 fixis:
1435 695 1500 728 at-

91 760 186 806 que
215 743 356 804 ilico,
399 757 454 790 ut
484 744 673 808 oblatae
706 742 970 789 occafionis
1006 747 1254 792 maturitas
1298 749 1502 809 postula-

88 810 199 871 bat,
242 830 356 858 cum
386 810 676 856 trecentenis
712 810 949 857 militibus
982 829 1068 876 per
1098 811 1306 876 singulos
1333 834 1499 863 nume-

91 896 170 926 ros
227 878 390 939 lectis,
456 877 761 925 Sebastianus
807 897 1067 943 properare
1115 880 1373 945 dispofitus
1414 884 1499 943 est,

89 946 369 995 conducens
403 947 546 994 rebus
583 946 791 1010 publicis
826 948 1012 1012 aliquid
1054 951 1127 1013 (ut
1160 952 1498 1018 promittebat)

89 1030 298 1063 acturus.
372 1017 474 1079 Qui
500 1015 756 1063 itineribus
779 1017 997 1064 celeratis
1026 1017 1313 1082 conspectus
1341 1029 1541 1085 prope3

89 1085 528 1149 Hadrianopolim,
563 1084 794 1131 obseratis
813 1085 860 1131 vi
886 1087 1037 1149 portis
1067 1087 1194 1134 iuxta
1228 1088 1360 1137 adire
1390 1107 1500 1153 pro-

89 1154 382 1201 hibebatur:
419 1153 581 1201 veritis
610 1152 970 1214 defensoribus,
1004 1173 1065 1202 ne
1090 1171 1258 1220 captus
1278 1159 1338 1204 ab
1361 1158 1499 1207 hoste

89 1223 277 1270 veniret
291 1232 345 1270 ‘et
366 1222 681 1284 subornatus,
713 1236 858 1287 atque
893 1226 1195 1288 contingeret
1230 1227 1418 1292 aliquid
1446 1228 1498 1274 in

89 1292 299 1340 civitatis
330 1291 625 1356 perniciem,
674 1293 814 1355 quale
850 1294 883 1356 ³)
918 1312 1002 1357 per
1042 1298 1221 1341 Actum
1258 1296 1501 1344 acciderat

96 1362 368 1408 Comitem:
404 1378 500 1426 quo
522 1379 609 1424 per
630 1360 848 1409 fraudem
883 1362 1233 1426 Magnentiacis
1265 1366 1504 1412 militibus

95 1443 266 1494 capto,
334 1429 534 1476 claustra
577 1431 813 1493 patefacta
854 1429 957 1477 sunt
1002 1433 1205 1496 Alpium
1250 1435 1502 1481 Iuliarum.

95 1498 306 1563 Agnitus
332 1513 521 1560 tamen,
567 1499 682 1546 licet
702 1499 834 1560 sero,
874 1501 1203 1563 Sebastianus,
1248 1517 1294 1550 et
1327 1505 1543 1564 urben14

91 1568 297 1616 introire
318 1568 594 1632 pc1·missi18,
629 1569 743 1615 cibo
765 1583 812 1616 et
832 1571 994 1633 quiete
1014 1574 1190 1618 curatis
1220 1590 1308 1636 pro
1337 1573 1498 1636 copia,

94 1654 219 1702 quos
245 1666 248 1667 ν
272 1637 530 1699 ductabat,
584 1635 786 1701 sequuta
823 1639 929 1685 lnce
976 1641 1160 1703 impetu
1201 1641 1499 1688 clandestino

95 1706 281 1769 erupit:
315 1705 610 1771 vesperaque
635 1709 676 1772 ⁴)
696 1707 1005 1761 intendente,
1044 1710 1326 1756 Gothorum
1357 1714 1502 1756 vasta-
1549 1733 1553 1736 «

91 1775 246 1822 torios
276 1793 458 1824 cuneos
490 1793 644 1840 prope
678 1777 859 1823 flumen
895 1777 1117 1824 Hebrum
1161 1777 1323 1825 subito
1358 1780 1501 1840 viles,

92 1842 357 1909 paullisper
388 1859 585 1909 opertus
619 1846 871 1908 aggeribus
916 1859 961 1892 et
1006 1847 1249 1907 frutectis,
1296 1846 1500 1894 obscura

91 1927 238 1960 nocte
260 1913 495 1978 suspenfis
518 1913 724 1977 passibus
757 1914 1106 1977 incompofitos
1135 1915 1374 1979 adgressus
1402 1915 1468 1962 est
1489 1933 1499 1962 ς

94 1981 318 2046 adeoque
341 1983 374 2046 ⁵)
396 1982 666 2046 prostravit,
703 1996 757 2028 ut
779 1997 968 2045 praeter
994 2001 1198 2046 paucos,
1231 2003 1354 2049 quos
1375 2001 1502 2030 mor-

93 2065 142 2097 te
189 2051 419 2098 velocitas
476 2064 718 2098 exemerat
770 2051 975 2114 pedum,
1020 2052 1276 2098 interirent
1327 2053 1502 2116 reliqui

95 2137 292 2167 omnes:
325 2116 653 2184 praedamque
676 2120 872 2166 retraxit
891 2120 1210 2179 innumeram,
1244 2139 1387 2184 quam
1411 2138 1500 2167 nec

96 2188 264 2236 civitas
295 2188 454 2252 cepit,
492 2205 581 2234 nec
617 2188 837 2250 planities
867 2189 961 2235 lata
991 2206 1290 2252 camporum.
1389 2190 1544 2245 Qua5

94 2256 235 2305 causa
258 2257 469 2322 percitus
488 2255 812 2318 Fritigernus,
851 2271 898 2304 et
918 2258 1227 2304 extimelcens
1247 2295 1258 2317 ,
1301 2275 1361 2304 ne
1387 2258 1499 2318 dux,

95 2341 150 2374 ut
176 2325 314 2391 saepe
359 2324 604 2385 audierat,
657 2324 977 2389 impetrabilis
1019 2325 1260 2389 dispersos
1299 2327 1502 2374 licenter

98 2394 298 2442 suorum
327 2395 500 2459 globos
532 2394 788 2458 raptuique
816 2395 1028 2442 intentos
1053 2394 1384 2455 consumeret,
1416 2396 1506 2442 im·-

98 2464 321 2528 provisos
345 2463 601 2511 adoriens:
644 2464 878 2510 revocatis
914 2464 1139 2510 omnibus
1170 2482 1320 2528 prope
1352 2465 1506 2528 Caby-⁴

98 2542 180 2588 len
205 2533 446 2598 oppidum
468 2533 567 2580 cito
596 2532 828 2596 discessit,
854 2547 907 2579 ut
933 2547 1125 2596 agentes
1149 2533 1199 2579 in
1224 2534 1504 2597 regionibus

154 2720 193 2764 ι)
230 2719 298 2754 Ms.
335 2714 505 2756 Niceaxn.
563 2722 600 2763 2)
635 2719 703 2755 ΜΓ.
746 2732 856 2769 praep
889 2748 896 2755 .
938 2747 945 2754 .
985 2747 992 2755 .
1033 2747 1039 2754 .
1073 2748 1078 2754 .
1112 2748 1119 2756 .
1145 2720 1319 2755 Hadrian.
1373 2721 1410 2763 3)
1436 2720 1506 2755 ΜΓ.

100 2776 296 2811 peractum,
323 2773 361 2814 (9)
388 2768 455 2807 Mt.
486 2765 712 2802 incendente.
752 2777 787 2814 5]
814 2766 878 2802 ΜΓ.
909 2766 1106 2815 prostravit.
1160 2767 1279 2814 διε-μή,
1307 2766 1491 2815 praestavit.

799 2818 835 2861 Γ
856 2837 884 2880 p
