1727 3144
498 127 896 161 xot’tanus.
971 114 1089 160 563.
1443 124 1538 185 592

119 241 198 289 sus
228 238 465 305 Princeps
498 239 749 302 paullatim
780 239 922 287 terris
962 237 1221 288 hostilibus
1253 232 1539 308 ‘exceffiffess

119 309 347 375 profecto
377 307 576 356 veniss'et
621 308 683 357 ad
722 309 958 374 praesidia
1005 310 1322 370 Corduenae,
1375 316 1537 365 uberis

119 378 334 442 regionis
369 392 418 425 et
453 378 669 439 nostrae,
713 397 770 426 ex
803 397 861 427 eo
888 379 1031 441 loco,
1083 380 1134 426 in
1165 398 1266 448 quo
1286 380 1409 430 haec
1433 403 1537 448 age-

103 447 322 510 bantur,
358 446 623 496 centesimo
645 447 810 513 lapide
832 447 1117 513 disparatae.

213 516 419 565 Petebat
451 531 613 565 autem
642 536 726 565 rex
757 518 1068 580 obstinatius,
1120 532 1174 566 ut
1207 518 1311 584 ipse
1359 520 1575 585 aiebat‘,9

113 583 198 633 sua
220 585 410 634 dudum
430 604 456 633 a
478 586 782 635 Maximiano
814 602 1003 652 erepta:
1043 604 1098 637 ut
1133 588 1344 638 docebat
1373 605 1535 640 autem

112 656 395 720 negotium,
426 673 519 719 pro
543 655 882 720 redemptione
911 657 1093 720 nostra,
1132 658 1351 724 quinque
1380 660 1536 724 regio-

113 742 200 771 nes
221 724 656 786 Transtigritanas:
696 724 736 788 ²)
763 724 1093 787 Arzanenam,
1140 741 1188 774 et
1215 727 1533 788 Moxoenam,

112 792 561 853 ethabdicenam,
616 791 888 857 itidemque
927 792 1278 857 Rehimenam,
1335 812 1383 845 et
1414 799 1534 847 Cor-

112 861 349 919 duenam,
393 878 507 908 cum
541 861 745 910 castellis
787 861 1097 926 quindecim,
1144 879 1192 913 et
1225 865 1447 929 Nifibin,
1485 881 1532 916 et

109 931 396 995 Singaram,
426 943 474 978 et
493 930 645 979 castra
679 930 992 993 Maurorum,
1032 936 1392 984 munimentum
1424 955 1532 1002 per-

107 1018 255 1064 quam
277 1013 630 1064 opportunum.
714 1000 776 1046 Et
808 1019 920 1047 cum
955 1004 1158 1066 pugnari
1193 1002 1356 1052 decies
1389 1024 1530 1070 expe·
1548 1025 1599 1053 10

109 1069 262 1130 diret,
294 1086 355 1118 ne
376 1069 556 1119 horum
580 1068 852 1133 quidquam
882 1069 1170 1119 dederetur:
1215 1073 1528 1124 adulatorum

106 1139 281 1202 globus
306 1138 513 1185 instabat
538 1138 716 1185 timido
749 1137 970 1204 Principi
989 1177 1001 1201 ,
1046 1139 1281 1205 Procopii
1310 1158 1527 1190 metuen-

106 1207 225 1255 dum
278 1207 531 1255 subserens
575 1225 786 1254 nomen:
835 1225 1046 1273 eumque
1090 1209 1379 1271 adfirmans,
1431 1212 1521 1259 nifi

104 1276 311 1337 rediret,
343 1276 545 1340 cognito
565 1276 745 1322 Iuliani
773 1276 1004 1335 interitu,
1041 1297 1153 1326 cum
1183 1280 1366 1328 intacto
1398 1281 1524 1327 mili-

104 1360 176 1407 te,
221 1364 368 1410 quem
398 1346 623 1409 regebat,
668 1363 814 1393 novas
845 1364 918 1393 res
949 1348 1085 1394 nullo
1116 1348 1354 1396 renitente
1381 1350 1522 1397 facile

100 1415 408 1464 moliturum.
484 1414 591 1461 Hac
624 1414 896 1478 perniciosa
918 1416 1182 1463 verborum
1205 1417 1287 1465 ille
1315 1418 1524 1466 adtidui-
1541 1439 1587 1465 11

102 1499 201 1532 tate
257 1483 408 1530 nimia
459 1481 741 1542 succensus,
805 1484 903 1531 fine
957 1487 1270 1536 cunctatione
1318 1486 1523 1535 tradidit

105 1553 297 1610 omnia,
329 1570 454 1617 quae
477 1553 797 1616 petebantur:
832 1552 1032 1600 difficile
1062 1553 1159 1600 hoc
1189 1554 1419 1618 adeptus,
1467 1570 1521 1604 ut

99 1621 286 1671 Nifibis
310 1636 357 1670 et
377 1621 578 1685 Singara
600 1619 699 1667 fine
724 1620 898 1667 incolis
919 1621 1180 1669 transirent
1202 1623 1253 1669 in
1275 1624 1380 1671 iura
1405 1624 1521 1672 Per·-

99 1692 285 1753 sarum,
339 1709 366 1738 a
408 1690 726 1737 munimentis
772 1707 888 1737 vero
927 1690 1196 1738 alienandis
1237 1694 1414 1741 reverti
1454 1693 1518 1741 ad

100 1761 262 1808 nostra
292 1759 529 1824 praesidia
563 1759 771 1806 Romani
813 1759 1226 1823 permitterentur.
1324 1762 1518 1819 Quibus
1537 1783 1587 1810 ιε

100 1830 291 1878 exitiale
313 1828 446 1876 aliud
468 1827 658 1876 aecessit
682 1841 729 1874 et
759 1828 997 1892 impium,
1033 1847 1120 1890 ne,
1162 1830 1270 1894 post
1303 1830 1424 1879 haec
1453 1830 1518 1879 ita

98 1897 398 1962 composita,
450 1897 621 1945 Arsaci
653 1895 874 1961 poscenti
909 1912 1080 1946 eontra
1112 1897 1278 1947 Persas
1307 1901 1515 1948 serretur

98 1968 361 2029 auxilium,
404 1967 565 2014 amieo
596 1966 740 2013 nobis
767 1965 959 2032 semper
997 1981 1045 2015 et
1079 1966 1199 2015 fido.
1273 1969 1424 2026 Quod
1444 1989 1514 2016 ra-

98 2038 233 2085 tione
267 2036 458 2101 gemina
500 2036 768 2100 cogitatum
811 2036 905 2093 est,
957 2050 1012 2083 ut
1050 2038 1304 2101 puniretur
1339 2039 1510 2097 homo,

99 2108 186 2171 qui
227 2106 594 2154 Chiliocomum
623 2104 664 2170 ³)
688 2104 922 2152 mandatu
957 2105 1215 2153 vastaverat
1252 2106 1511 2169 Principis,

97 2189 145 2223 et
176 2187 448 2222 remaneret
476 2172 690 2234 oecafio,
745 2192 834 2238 per
875 2193 1023 2239 quam
1059 2174 1265 2221 subinde
1305 2175 1510 2222 licenter

96 2243 412 2292 invaderetur
449 2242 698 2290 Armenia.
790 2242 938 2291 Unde
980 2243 1142 2307 postea
1181 2243 1410 2306 contigit,
1453 2257 1509 2290 ut

97 2314 235 2362 vivus
267 2325 524 2376 caperetur
552 2311 686 2358 idem
722 2311 953 2373 Arsaces,
996 2326 1042 2359 et
1073 2311 1332 2358 Armeniae
1361 2311 1510 2358 maxi-

96 2402 232 2430 mum
263 2383 387 2428 latus
418 2379 579 2428 Medis
609 2382 995 2440 conterminans,
1039 2395 1086 2427 et
1119 2380 1349 2427 Artaxata
1379 2381 1504 2427 inter

99 2451 409 2500 dissensiones
432 2464 479 2497 et
496 2451 801 2497 turbamenta
823 2463 1044 2514 raperent
1068 2448 1250 2510 Parthi.

194 2520 308 2576 Quo
330 2514 539 2584 ignobili
562 2517 761 2566 decreto
782 2521 974 2566 firmato
992 2555 1004 2579 ,
1034 2535 1093 2564 ne
1129 2518 1250 2581 quid
1280 2515 1503 2564 commit·
1520 2524 1572 2568 13

97 2604 279 2637 teretur
308 2607 396 2657 per
427 2587 640 2635 indutias
682 2588 982 2636 contrarium
1020 2587 1203 2651 pactis,
1258 2584 1503 2636 obsidatus

144 2757 181 2799 2)
206 2752 274 2788 ΜΓ.
302 2753 592 2790 Asarzanaenam.
643 2755 682 2799 5]
704 2754 771 2790 Ms.
801 2753 981 2788 mandatu.
