1727 3144
141 119 239 164 582
380 132 654 171 ΑΜΜῙΛΝΙ
690 134 1082 168 MAncnnLnu
1124 135 1264 182 xxxi,
1300 139 1345 183 7.

139 242 354 304 hostilis,
386 242 448 290 ad
467 243 546 306 id,
580 244 715 309 quod
737 261 838 293 erat
864 245 1216 309 perniciosum,
1256 245 1552 309 intempesti-

142 329 199 361 ve
220 312 463 366 conversi,
497 314 713 377 legiones
736 316 794 362 ab
817 316 1049 363 Armenia
1082 315 1246 362 ductas
1279 314 1552 379 opposuere

141 379 370 433 vesanum
391 381 552 433 adhuc
574 382 866 446 lpirantibus
890 385 1103 434 barbaris
1118 421 1130 444 ,
1167 401 1314 447 opere
1346 383 1551 448 quidem

142 449 321 500 Martio
361 449 501 514 saepe
532 466 662 500 recte
692 467 994 517 compertas,
1036 452 1121 501 sed
1163 453 1371 517 impares
1415 452 1553 516 plebi

141 518 430 581 immensae,
464 538 588 586 quae
611 520 850 571 celsorum
872 523 984 587 iuga
1016 522 1261 572 montium
1288 521 1554 584 occuparat

97 592 125 642 5,
145 602 191 634 ct
212 606 425 652 campos.
500 589 567 635 Hi
591 592 781 639 numeri
801 591 1021 639 nondum
1048 591 1255 654 experti,
1290 591 1411 655 quid
1436 608 1553 638 cum

143 655 480 720 desperatione
508 660 665 709 rabies
701 662 882 709 valeret
921 659 1187 722 indomita,
1245 659 1377 707 truso
1415 659 1552 708 holle

140 725 268 778 ultra
289 726 618 776 Aemimontis
644 730 857 777 abscisos
878 729 1106 794 scopulos
1128 729 1350 779 faucibus
1368 727 1554 778 insede-

140 812 192 843 re
226 797 522 859 praeruptiS,
563 798 647 846 ubi
681 798 914 847 barbaros
944 799 1066 845 locis
1097 800 1133 863 ¹)
1156 797 1392 858 inclusos,
1439 816 1553 844 nus-

142 880 290 926 quam
329 866 624 928 reperientes
658 867 840 915 exitum
879 867 1108 916 diuturna
1140 866 1449 914 consumeret
1490 866 1554 912 fa-

137 950 268 992 mes,
307 946 354 978 et
389 932 732 995 opperirentur
761 933 850 997 ipfi
878 934 1186 998 Frigeridum
1206 934 1409 996 ducem,
1439 953 1556 982 cum

136 999 435 1049 Pannonicis
493 1014 541 1048 et
589 1002 895 1065 transalpinis
951 1003 1139 1050 auxiliis
1190 1001 1554 1062 adventantem,

139 1086 287 1131 quem
309 1068 467 1132 petitu
492 1070 712 1117 Valentis
735 1071 995 1118 Gratianus
1018 1070 1086 1122 ire
1111 1070 1352 1137 disposuit
1371 1074 1423 1118 in
1441 1090 1556 1136 pro.

136 1136 382 1198 cinctum,
418 1139 631 1189 laturum
667 1138 912 1204 suppetias
953 1140 1043 1201 iis,
1099 1141 1184 1205 qui
1225 1140 1288 1187 ad
1324 1141 1554 1188 ultimum

95 1208 431 1266 4vcxab'antur
461 1208 675 1257 exitium.
759 1208 868 1261 Post
897 1228 1045 1276 quern
1075 1209 1420 1271 Richomeres,
1470 1210 1557 1257 do-

139 1274 452 1324 mesticorum
483 1291 598 1325 tune
626 1279 827 1340 Comes,
857 1277 1103 1342 imperatu
1125 1278 1343 1327 eiusdem
1367 1279 1558 1326 Gratia-

135 1343 189 1389 ni
214 1358 377 1391 motus
401 1364 425 1393 e
447 1347 645 1411 Galliis,
679 1347 960 1412 properavit
991 1347 1053 1396 ad
1083 1347 1319 1397 Thracias
1351 1347 1556 1395 ductans

136 1412 370 1465 cohortes
390 1415 576 1482 aliquas
599 1417 797 1466 nomine
818 1431 984 1465 tenus:
1034 1436 1241 1483 quarum
1270 1435 1377 1481 pars
1404 1418 1558 1482 plera-2

140 1499 238 1546 que
280 1482 556 1536 deseruerat
595 1488 669 1551 (ut
710 1487 951 1537 iactavere
976 1486 1195 1551 quidam)
1236 1486 1557 1537 Merobaudis

137 1548 302 1612 suasu,
335 1554 507 1615 veriti,
543 1573 603 1603 ne
628 1554 882 1606 destitutae
918 1554 1226 1604 adminiculis
1259 1555 1448 1604 Galliae
1481 1574 1557 1604 vaq

95 1618 377 1671 5ftarentur
398 1623 603 1689 licenter
625 1624 800 1676 Rheno
828 1639 1079 1689 perrupto.
1162 1624 1348 1672 Verum
1381 1621 1558 1674 articu-

136 1688 301 1737 lorum
334 1690 508 1746 dolore
539 1692 796 1757 Frigerido
832 1693 1148 1758 praepedito,
1189 1693 1267 1740 vel
1306 1707 1461 1754 certe,
1502 1707 1557 1744 nt

140 1757 493 1809 obtrectatores
524 1763 707 1810 finxere
747 1763 995 1821 malivoli,
1033 1762 1271 1812 morbum
1312 1761 1554 1823 causante,

139 1843 200 1871 ne
222 1826 523 1879 ferventibus
554 1831 754 1895 proeliis
788 1831 1057 1879 interesset:
1102 1828 1352 1877 universos
1386 1849 1556 1894 regens

140 1910 196 1939 cx
221 1899 474 1944 communi
497 1898 732 1947 sententia
763 1900 1082 1947 Richomeres
1115 1898 1380 1946 Profuturo
1410 1899 1559 1947 socia-

138 1974 218 2009 tur
238 1976 285 2009 et
306 1963 537 2025 Traiano,
570 1967 882 2014 tendentibus
903 1986 1057 2031 prope
1081 1967 1321 2030 oppidum
1344 1968 1554 2017 Salices:

137 2031 270 2079 unde
291 2031 427 2082 haud
445 2033 593 2097 longo
613 2033 768 2098 spatio
790 2035 1064 2097 separatum
1094 2033 1264 2097 vulgus
1293 2034 1558 2084 inaestima-

137 2099 240 2146 bile
275 2099 625 2163 barbarorum,
669 2101 731 2148 ad
775 2103 908 2150 orbis
946 2102 1146 2149 rotundi
1189 2104 1393 2165 figuram
1433 2107 1557 2152 mul-

138 2167 351 2217 titudine
391 2169 570 2232 digesta
602 2170 951 2233 plaustrorum,
990 2185 1240 2235 tamquam
1270 2170 1558 2222 intramuraq

141 2237 216 2284 nis
255 2238 536 2290 cohibitum
573 2238 762 2304 spatiis,
814 2239 916 2287 otio
959 2239 1211 2290 fruebatur
1250 2253 1298 2288 et
1332 2243 1555 2293 ubertate

142 2305 451 2372 praedarum.
605 2306 607 2308 ’

94 2378 123 2422 G
244 2375 445 2425 Praevia
475 2375 624 2439 igitur
658 2374 741 2440 spe
769 2376 1028 2424 meliorum
1060 2376 1268 2424 Romani
1303 2377 1478 2440 duces,
1518 2379 1556 2429 fi.

138 2444 240 2490 sors
279 2445 477 2507 copiam
519 2445 774 2507 attulill‘et,
835 2445 994 2494 ausuri
1032 2445 1244 2510 aliquid>
1271 2448 1552 2510 gloriosum,

141 2513 364 2573 Gothos,
421 2512 669 2578 quidquid
710 2514 1025 2576 molirentur,
1066 2513 1298 2578 sagaciter
1334 2516 1555 2564 obse1·va-.

136 2581 282 2631 bant:
326 2580 380 2629 id
409 2581 595 2631 scilicet
626 2583 1008 2647 praestruentes,
1054 2597 1134 2646 ut,
1189 2583 1227 2633 fi.
1265 2585 1304 2649 ²)
1324 2585 1552 2637 aliorsum

508 2694 621 2704 u-——na

189 2746 224 2789 ι)
250 2743 318 2780 Ms-
350 2755 385 2780 et
412 2744 550 2783 insulis.
601 2747 639 2792 2)
662 2748 715 2784 Ita
742 2744 811 2783 Ms-
844 2755 878 2782 et
909 2746 1032 2791 Steplz.
1060 2746 1155 2793 vulg.
1184 2747 1274 2782 alio.
