1727 3144
1225 146 1251 161 r—

185 153 311 184 vAL.
360 152 658 186 GRA.T1AN.
696 155 767 185 ET
810 154 1066 188 VALENT.
1108 158 1150 188 2.
1223 149 1338 207 076.
1420 151 1514 211 575

110 264 258 312 celeri
287 260 642 325 consummata,
688 264 737 311 in
767 279 875 314 tuto
913 267 1171 315 locandam
1211 269 1516 321 securitatem

108 331 243 380 suam
264 332 534 380 existimans
560 347 607 380 et
628 331 844 382 salutem.
920 336 1151 400 Dumque
1173 341 1338 387 efficax
1369 361 1514 407 opera
1535 358 1561 399 8

107 400 393 463 suscitatur,
429 401 598 448 Hunni
638 402 844 466 pastibus
877 420 987 452 eum
1015 407 1122 453 citis
1159 411 1420 472 urgebant:
1469 427 1516 459 ct

40 508 42 510 a
107 469 206 516 iam
227 469 557 535 opprefferant
582 469 920 536 adventanteS,
952 475 1002 521 ni
1024 477 1204 539 gravati
1227 478 1515 542 praedarum

108 555 256 587 onere
281 538 576 586 destitissent.
882 581 889 585 t

205 608 353 656 Fama
385 621 547 655 tamen
580 608 676 657 late
716 609 937 673 serpente
967 629 1055 675 per
1090 614 1374 662 Gothorum
1412 615 1518 662 reli-

107 694 226 742 quas
265 691 457 744 gentes,
517 678 652 741 quod
693 677 972 724 inulitatum
1011 681 1215 728 antehac
1262 683 1517 730 homiuum

107 763 256 809 genus
292 746 327 809 ³)
347 746 497 791 modo
531 762 673 790 ruens
703 757 759 789 ut
791 746 938 792 turbo
972 750 1221 797 montibus
1254 751 1415 811 celfis,
1454 770 1515 799 ex

106 813 276 861 abdito
305 814 409 857 linu
443 824 670 858 coortum
705 813 748 876 ⁴)
768 812 985 876 adpofita
1020 834 1240 881 quaeque
1266 820 1514 878 convellit,

104 896 153 930 et
180 881 484 943 corrumpit:
528 879 701 943 populi
730 898 839 943 pars
877 883 1058 943 maior,
1103 904 1226 948 quae
1259 887 1517 934 Athanari-

103 969 217 999 cum
272 961 516 996 attenuata
554 946 928 995 necessariorum
973 955 1176 1014 penuria
1222 954 1514 1017 deseruerat,

103 1019 409 1086 quaeritabat
440 1016 748 1063 domicilium
780 1032 1024 1064 remotum
1065 1022 1125 1066 ab
1169 1024 1301 1070 omni
1341 1026 1516 1071 notitia

101 1089 444 1147 barbarorum,
473 1084 665 1150 diuque
681 1084 971 1147 deliberans,
1005 1107 1124 1152 quas
1145 1092 1343 1154 eligeret
1359 1091 1512 1153 sedes,

102 1157 336 1221 cogitavit
357 1155 598 1203 Thraciae
621 1155 981 1218 receptaculum
1004 1159 1193 1221 gemina
1215 1162 1400 1208 ratione
1425 1162 1514 1208 fibi

103 1226 501 1284 convenientius,
549 1222 685 1287 quod
715 1236 763 1270 et
792 1223 827 1289 ⁵)
851 1224 1073 1288 caespitis
1117 1228 1181 1275 est
1221 1230 1510 1292 feraciffinii,

103 1310 151 1344 et
187 1294 511 1359 amplitudine
551 1296 846 1339 fluentorum
888 1294 1038 1341 Histri
1081 1297 1388 1361 distinguitur
1419 1299 1458 1364 ⁶)
1483 1318 1509 1347 a

101 1365 345 1425 barbaris,
377 1362 654 1428 patentibus
674 1361 771 1408 iam
794 1365 1036 1427 peregrini
1065 1365 1353 1415 fulminibus
1382 1368 1510 1416 Mar-

102 1435 187 1482 tis:
231 1434 329 1480 hoc
353 1448 552 1497 quoque
580 1430 713 1479 idem
736 1430 913 1478 relidui
937 1434 1066 1481 velut
1087 1449 1249 1484 mente
1270 1438 1512 1502 cogitave-

104 1522 156 1552 re
177 1501 444 1552 communi.

641 1613 726 1675 (A.
756 1618 803 1661 C.
836 1615 975 1675 376.)

198 1703 287 1753 IV.
325 1704 499 1766 Itaque
523 1700 647 1749 duce
684 1704 893 1751 Alavivo
923 1705 1050 1769 ripas
1081 1723 1382 1772 occupavere
1413 1708 1510 1755 Da·
1530 1727 1547 1754 1

100 1774 266 1822 nubii:
309 1772 554 1836 missisque
587 1773 863 1819 oratoribus
899 1775 960 1820 ad
994 1776 1280 1834 Valentem,
1327 1775 1508 1840 suscipi

98 1843 147 1892 se
183 1842 359 1890 humili
392 1858 534 1905 prece
572 1840 859 1906 poscebant,
921 1858 967 1890 et
1011 1845 1173 1907 quiete
1213 1846 1427 1893 victuros
1459 1844 1507 1892 se

98 1913 415 1978 pollicentes,
458 1925 506 1957 et
536 1909 760 1971 daturos,
807 1910 842 1957 fi
873 1929 946 1959 res
987 1912 1263 1975 flagitaffet,
1313 1914 1506 1960 auxilia.

97 1983 233 2029 Dum
246 1993 455 2044 aguntur
476 1980 655 2026 haecin
671 1980 895 2040 externis,
931 1997 1084 2027 novos
1105 1980 1411 2046 maioresque
1432 1981 1504 2029 so·
1521 2002 1550 2030 z

96 2051 196 2098 litis
218 2049 353 2097 casus
379 2048 566 2096 versare
599 2063 764 2111 gentes
792 2049 1023 2109 Arctoas,
1064 2068 1281 2096 rumores
1316 2050 1506 2097 terribi-

99 2121 169 2167 les
188 2117 510 2164 diffuderunt:
551 2135 635 2180 per
659 2135 828 2178 omne,
864 2117 1106 2181 quidquid
1139 2117 1201 2163 ad
1233 2118 1443 2165 Pontum
1474 2138 1502 2167 a

96 2186 459 2236 Marcomannis
488 2186 850 2250 praetenditur,
901 2202 948 2234 et
977 2186 1188 2246 Quadis,
1232 2187 1504 2234 multitudi-

98 2275 211 2304 nem
242 2257 498 2302 barbaram
531 2254 807 2302 abditarum
836 2257 1087 2302 nationum
1119 2257 1167 2301 vi
1198 2254 1353 2302 subita
1380 2255 1501 2302 sedi-

98 2327 190 2373 bus
210 2325 417 2390 pulsam,
450 2324 578 2370 circa
604 2326 788 2371 flumen
809 2325 1025 2372 Histrum
1051 2324 1211 2386 vagari
1242 2342 1354 2371 cum
1381 2325 1501 2371 cari-

99 2395 281 2443 tatibus
306 2394 399 2440 l'uis
420 2391 792 2455 disseminantes.
877 2396 1012 2450 Quae
1051 2409 1120 2439 res
1157 2392 1540 2458 adspernanter3

99 2484 126 2512 a
147 2464 317 2511 nostris
336 2465 463 2510 inter
482 2463 618 2509 initia
644 2462 744 2526 ipsa
776 2477 972 2526 accepta
1005 2461 1094 2522 est,
1134 2462 1257 2508 hanc
1295 2464 1358 2509 ob
1389 2482 1498 2509 cau-

98 2533 224 2595 sam,
261 2534 397 2599 quod
420 2533 513 2579 illis
535 2531 768 2579 tractibus
784 2551 887 2580 -uon
907 2530 994 2578 nisi
1018 2545 1210 2595 peracta
1231 2545 1312 2578 aut
1341 2530 1495 2595 sopita

119 2695 183 2765 03)
208 2721 278 2755 ΜΓ.
303 2720 414 2756 modo
440 2721 590 2754 nim-um.
647 2724 680 2764 4}
712 2719 777 2755 ΜΓ.
806 2715 979 2766 adpositu.
1029 2719 1069 2764 5)
1094 2715 1160 2751 ΜΓ.
1191 2718 1315 2766 ccptis.
1364 2719 1406 2764 6)
1431 2719 1493 2753 Hs.

102 2780 120 2802 a
146 2767 303 2802 barbaris
330 2768 547 2816 petcuubus.
