1727 3144
261 158 321 203 62
481 171 752 203 ΛΜΜΙΑΝΙ
782 171 1171 204 MARcELmNt
1205 173 1296 220 xv,
1332 175 1378 220 7.
1407 162 1453 205 8.

218 287 247 330 6
353 279 465 327 Hoc
499 280 859 328 administrante
887 281 1124 343 Leontio,
1163 282 1389 330 Liberius
1434 281 1661 331 Christia-

255 368 344 398 nae
365 350 484 413 legis
505 350 723 407 antistes,
756 369 781 396 a
809 350 1091 399 Constantio
1124 350 1187 398 ad
1213 352 1500 400 comitatum
1530 350 1662 398 mitti

254 432 541 484 praeceptus
573 420 665 479 est,
728 433 971 483 tamquam
1012 417 1052 484 ⁶)
1089 418 1404 484 Imperatoris
1444 419 1573 467 iuffis
1611 433 1662 468 et

255 489 579 553 plurimorum
618 489 656 552 ⁷)
698 486 770 534 sui
807 487 1107 535 consortium
1150 491 1356 538 decretis
1410 489 1661 545 obsistens,

215 559 303 625 7in
334 575 410 617 re,
459 575 607 620 qnam
636 557 774 605 brevi
802 571 936 604 textu
967 576 1259 622 percurram.
1340 556 1661 606 Athanafium

251 625 539 691 episcopum
578 643 635 672 eo
676 641 898 691 tempore
941 627 1074 691 apud
1111 627 1486 689 Alexandriam,
1533 629 1658 674 ultra

206 719 209 721 ·
247 696 594 761 proseliionem
620 695 760 742 altius
795 694 841 742 se
870 696 1172 757 efferentem,
1213 696 1541 763 sciscitariquc
1563 714 1659 742 co-

249 778 418 811 natum
440 778 661 824 externa,
691 779 745 810 ut
767 764 1030 829 prodidere.
1055 785 1269 813 rumor-es
1296 764 1501 825 adfidui,
1533 782 1658 813 coe-

247 848 325 880 tus
357 834 409 879 in
434 852 586 880 unum
629 831 667 898 ⁸)
709 833 947 897 quaesitus
988 835 1208 882 eiusdem
1249 835 1349 882 loci
1390 835 1657 881 multorum

249 900 480 968 (synodus
501 916 558 948 ut
579 901 845 968 adpellant)
878 903 1084 950 removit
1103 922 1127 950 a
1153 903 1479 963 sacramento,
1522 901 1660 968 quod

211 971 521 1021 80htinebat.
601 971 872 1018 Dicebatur
921 975 1050 1019 enim
1097 972 1409 1020 fatidicarum
1453 972 1660 1019 sortium

247 1039 416 1101 fidem,
451 1057 640 1104 quaeve
666 1041 916 1103 augurales
937 1041 1287 1104 portenderent
1305 1042 1459 1101 alites,
1492 1040 1660 1089 scien--⁴

245 1109 419 1156 tissime
438 1109 644 1170 callens,
681 1110 937 1173 aliquoties
968 1109 1253 1173 praedixisse
1279 1111 1469 1157 futura:
1514 1108 1660 1174 super

247 1178 326 1224 his
354 1176 736 1225 intendebantur
766 1179 810 1225 ei
846 1179 938 1225 alia
973 1197 1169 1244 quoque
1200 1200 1226 1227 a
1259 1178 1511 1244 propofito
1537 1179 1660 1244 legis

209 1246 590 1309 9abhorrentia,
634 1246 715 1292 cui
747 1246 1063 1310 praesidebat.
1148 1248 1293 1294 Hunc
1322 1266 1410 1312 per
1438 1246 1660 1295 subscri-

247 1316 472 1380 ptionem
514 1314 726 1360 abiicere
762 1313 875 1361 sede
915 1314 1231 1376 sacerdotali,
1273 1317 1407 1380 paria
1448 1316 1658 1365 sentiens

248 1384 477 1443 caeteris,
507 1383 706 1429 iubente
728 1382 980 1447 principe,
1008 1383 1236 1430 Liberius
1259 1385 1473 1432 monitus
1492 1422 1505 1447 ,
1535 1403 1662 1451 per-—

245 1453 521 1501 severanter
560 1452 887 1513 renitebatur,
928 1470 1017 1499 nec
1051 1452 1207 1500 visum
1243 1453 1524 1515 hominem,
1567 1474 1657 1504 nec

248 1522 472 1568 auditum
492 1520 722 1567 damnare
738 1558 750 1580 ,
787 1521 919 1568 nefas
941 1521 1170 1568 ultimum
1194 1521 1336 1587 saepe
1369 1524 1658 1586 exclamans,

184 1609 239 1636 10
253 1605 417 1654 aperte
438 1588 623 1636 scilicet
645 1589 949 1635 recalcitrans
971 1590 1285 1652 Imperatoris
1307 1592 1526 1640 arbitrio.
1597 1593 1659 1642 Id

251 1659 382 1706 enim
407 1659 515 1717 ille,
576 1656 842 1703 Athanafio
867 1655 1057 1721 semper
1088 1658 1312 1715 infestus,
1359 1660 1477 1708 licet
1514 1661 1660 1711 sciret

246 1728 531 1791 impletum,
576 1738 737 1772 tamen
768 1726 807 1789 ⁹)
841 1726 1127 1773 auctoritate
1158 1745 1382 1792 quoque,
1430 1748 1525 1794 qua
1559 1750 1656 1795 po·-

246 1798 395 1844 tiores
419 1809 639 1842 aeternae
659 1794 794 1840 urbis
822 1792 1063 1859 episcopi,
1093 1797 1277 1842 firmari
1306 1795 1546 1847 desiderio
1568 1802 1652 1847 ni-

245 1867 440 1913 tebatur
460 1862 673 1910 ardenti:
710 1881 808 1927 quo
832 1881 928 1910 non
949 1863 1232 1927 itiipetrato,
1262 1865 1488 1914 Liberius
1513 1887 1652 1932 aegre

245 1933 420 1999 populi
443 1946 604 1989 metu,
637 1932 721 1996 qui
743 1933 844 1978 cius
867 1949 1030 1979 amore
1052 1936 1308 1996 flagrabat,
1335 1953 1449 1982 cum
1479 1956 1652 2003 magna

247 2003 531 2050 difficultate
552 2001 708 2047 noctis
731 2000 895 2048 medio
918 2003 1077 2065 potuit
1099 2003 1385 2066 absportari.

345 2071 491 2119 VIII.
525 2070 587 2116 Et
609 2070 729 2116 hacc
751 2069 952 2132 quidem
979 2071 1161 2118 Romae
1178 2108 1190 2132 ,
1219 2086 1273 2117 ut
1295 2073 1509 2120 ostendit
1533 2088 1651 2122 tex—

244 2155 323 2187 tus
344 2139 588 2204 superior,
620 2140 900 2201 agebantur.
974 2140 1306 2186 Constantium
1337 2159 1453 2189 vero
1483 2144 1651 2207 exagi—

244 2211 419 2256 tabant
432 2206 614 2254 adsidui
634 2210 668 2272 ¹)
695 2207 877 2268 nuntii,
922 2207 1194 2271 deploratas
1226 2210 1320 2256 iam
1353 2211 1535 2259 Gallias
1566 2213 1650 2258 in—

247 2278 488 2338 dicantes,
518 2277 653 2323 nullo
676 2277 911 2324 renitente
933 2278 993 2323 ad
1014 2277 1399 2325 internecionem
1430 2281 1649 2328 barbaris

244 2347 537 2394 vastantibus
559 2344 807 2393 universa:
837 2347 1147 2411 aestuansque
1170 2346 1279 2406 diu,
1320 2367 1414 2411 qua
1445 2350 1491 2398 vi
1523 2368 1648 2413 pro-

245 2415 456 2479 pulsaret
484 2433 761 2474 aerumnas,
800 2414 899 2478 ipse
936 2416 985 2460 in
1022 2417 1037 2461 ,Ι
1051 2417 1159 2462 talia
1197 2416 1431 2475 residens,
1466 2432 1521 2464 ut
1549 2436 1646 2465 cu--

246 2486 437 2548 piebat:
476 2483 820 2548 (periculosum
845 2485 975 2531 enim
1003 2486 1326 2545 existimabat,
1362 2485 1408 2531 se
1442 2486 1492 2531 in
1524 2505 1641 2550 par—

249 2567 343 2600 tein
399 2552 690 2600 contrudere
739 2552 883 2616 longe
923 2553 1180 2619 diniotani)
1225 2554 1404 2618 reperit
1445 2554 1643 2603 tandem

209 2110 227 2135 1

293 2742 331 2783 6)
358 2741 408 2773 al.
441 2741 683 2786 Imperatoris.
749 2743 783 2785 7)
811 2736 877 2771 ΜΓ.
909 2736 989 2771 suis.
1047 2739 1083 2777 8*
1114 2738 1180 2771 Mt.
1212 2738 1367 2786 quaeliti.
1419 2743 1463 2788 9)
1492 2740 1648 2775 auctori·-

249 2795 316 2820 tatt-
347 2798 415 2832 qua
444 2788 640 2833 potiuntur.
708 2787 738 2829 1)
767 2786 811 2821 τό
838 2790 958 2818 nuntii
983 2783 1049 2816 ΜΓ.
1084 2783 1186 2819 dwst,
