1727 3144
1362 137 1388 152 P.-

165 135 266 180 580
406 147 684 181 amanam
737 140 1131 198 141&chme
1175 151 1302 192 xxv,
1358 152 1407 182 o.
1447 140 1494 184 4.

162 277 223 306 ne
235 276 334 322 per
361 259 418 323 ¹⁴)
439 261 825 322 imprudentiam
857 261 1069 322 'dignam
1105 270 1454 323 praeteream:
1492 271 1580 307 aut

159 331 496 389 nominatum,
544 347 688 392 quem
713 329 925 375 habilem
952 346 1093 386 reor,
1135 333 1398 393 antepostto
1414 331 1579 391 forst-

161 408 250 445 tan
268 401 365 445 alio
387 401 438 445 in
457 401 718 445 discrimen
738 401 962 445 ultimam
979 401 1195 445 tradam.
1275 403 1339 447 Ut
1355 402 1588 454 alumnas¹

165 477 330 514 autem
349 469 425 515 rei
436 468 664 530 publicae
668 469 817 530 fiugi
827 503 842 525 ,
872 477 983 530 opto
1009 467 1186 515 bonum
1199 471 1310 531 post
1332 487 1410 515 me
1428 486 1580 531 repe·-

88 557 139 586 21
164 539 259 584 riri
277 547 532 583 rectorem.
605 536 718 583 Post
749 536 872 584 haec
901 535 1094 600 placide
1124 536 1282 598 dicta,
1317 537 1578 585 familiares

163 624 282 670 opes
306 606 632 653 iunctioribus
661 606 795 653 velut
816 603 1045 670 supremo
1078 605 1378 673 distribuens
1411 606 1465 672 ¹⁵)
1487 605 1580 653 sti-

159 675 238 734 lo,
295 675 584 722 Anatolium
645 673 881 739 quaesivit
933 674 1209 722 officiorum
1268 674 1579 740 magistrum:

163 762 312 809 quem
358 763 472 791 cuni
520 745 718 790 beatum
765 742 904 790 fuiffe
963 744 1212 811 Sallustius
1259 742 1581 809 respondiss'et

158 813 438 878 praefectus
457 850 469 872 ⁷
532 812 769 860 intellexit
809 809 1052 859 occisum:
1118 813 1391 877 acriterque
1433 812 1581 859 amici

162 882 328 929 casum
362 882 627 944 ingemuit,
682 881 767 944 qui
794 880 851 945 1⁶)
881 881 1004 929 elate
1055 895 1166 929 ante
1220 880 1580 945 contempserat

84 950 319 998 22suum.
394 951 455 996 Et
479 954 649 996 fientes
687 949 814 995 inter
849 948 969 998 haee
1004 966 1197 1011 omues,
1240 950 1327 1015 qui
1357 949 1579 1011 aderant,

165 1020 451 1067 auctoritate
478 1019 666 1080 integra
698 1017 844 1064 etiam
872 1030 977 1064 tum
1019 1018 1333 1082 increpabat:
1389 1019 1576 1067 humile

164 1088 285 1147 effe,
323 1089 459 1134 caelo
489 1085 828 1149 sideribusque
861 1085 1174 1132 conciliatum
1207 1088 1363 1152 lugeri
1394 1088 1581 1135 Princi-

87 1167 145 1211 23
161 1175 276 1221 pem
302 1155 484 1204 dicens.
559 1155 752 1211 Quibus
774 1154 887 1201 ideo
906 1155 1002 1200 iam
1026 1152 1276 1203 filentibus
1292 1193 1305 1213 ‚
1338 1157 1440 1221 ipse
1463 1175 1578 1204 cum

160 1226 381 1275 Maximo
402 1239 450 1273 et
469 1223 636 1273 Prisco
660 1222 968 1289 philosophis
987 1223 1130 1286 l'uper
1166 1225 1442 1273 animorum
1468 1225 1579 1272 sub-

160 1295 369 1347 limitate
404 1294 677 1359 perplexius
713 1293 991 1357 disputans,
1035 1292 1198 1341 hiante
1228 1295 1370 1341 latius
1398 1293 1577 1341 suffoffi

159 1364 325 1413 lateris
346 1364 545 1411 vulnere
560 1400 573 1424 ,
607 1377 656 1410 et
676 1361 900 1427 spiritum
928 1376 1120 1409 tumore
1146 1363 1413 1410 cohibente
1435 1380 1579 1410 vena-

160 1452 298 1494 rum,
327 1447 474 1497 epota
494 1432 654 1497 gelida
674 1449 824 1495 aqua,
856 1449 1001 1495 quam
1031 1431 1168 1494 petiit
1186 1469 1198 1493 ,
1228 1432 1394 1480 medio
1417 1433 1577 1480 noctis

159 1502 369 1549 horrore
394 1502 491 1549 vita
512 1501 702 1548 facilius
727 1500 793 1548 est
815 1499 1062 1548 absolutus
1080 1537 1092 1560 ,
1125 1519 1253 1549 anno
1273 1502 1439 1549 aetatis
1461 1502 1577 1550 alte-

158 1588 218 1618 ro
251 1584 298 1618 et
324 1572 378 1635 ¹⁷)
395 1570 668 1617 tricefimo:
722 1583 862 1615 natus
904 1569 1036 1632 apud
1074 1570 1575 1634 Constantinopolim:

160 1658 187 1685 a
213 1639 419 1703 pueritia
439 1657 595 1703 usquc
620 1638 832 1702 parentis
853 1638 995 1684 obitu
1013 1637 1266 1686 destitutus
1289 1640 1576 1701 Constantii,

162 1725 310 1772 quem
338 1708 443 1771 post
479 1707 641 1754 fratris
671 1707 975 1755 Constantini
1015 1707 1250 1755 excelsum
1273 1709 1415 1764 ,inter
1445 1727 1584 1756 com-

158 1777 326 1839 plures
352 1777 471 1823 alios
499 1777 641 1823 turba
673 1774 971 1840 consumplit
1004 1776 1200 1840 imperii
1239 1776 1576 1841 suecefforum,

163 1859 212 1892 et
228 1843 435 1892 Bafilina
454 1859 633 1905 matre,
662 1845 759 1891 iam
779 1843 895 1892 inde
917 1864 944 1891 a
967 1845 1237 1893 maioribus
1260 1847 1435 1895 nobili.

116 1934 138 1962 1
261 1913 351 1962 IV.
390 1913 481 1960 Vir
502 1914 726 1976 profecto
758 1913 973 1960 heroicis
998 1916 1425 1963 connumerandus
1444 1916 1576 1979 inge-

158 1981 280 2042 niiS,
315 1980 608 2029 claritudine
629 1998 792 2027 rerum
827 1994 875 2028 et
907 1981 1080 2028 coalita
1110 1982 1353 2030 maiestate
1385 1984 1576 2049 conspi-

160 2069 298 2102 cuus.
365 2050 490 2098 Cum
516 2049 647 2097 enim
672 2048 789 2108 fiut,
825 2062 882 2094 ut
904 2047 1143 2112 sapientes
1182 2051 1447 2113 definiunt,
1482 2054 1576 2101 vir-

160 2133 288 2167 tutes
313 2132 522 2182 quatuor
549 2117 867 2182 praecipuae,
908 2119 1250 2182 temperantia,
1295 2122 1573 2185 prudentia,

158 2187 365 2248 iustitia,
415 2185 684 2246 fortitudo,
747 2185 914 2249 eisque
955 2186 1231 2236 accidentes
1278 2190 1571 2241 extrinsecus

163 2257 310 2317 aliae,
380 2253 576 2303 scientia
614 2254 684 2302 rei
726 2254 972 2316 militaris,
1024 2257 1286 2305 auctoritas
1304 2295 1317 2320 ,
1365 2260 1572 2309 felicitas

161 2340 307 2390 atquc
345 2324 634 2373 liberalitas:
683 2323 872 2371 intento
912 2323 1073 2373 studio
1113 2326 1269 2375 coluit
1308 2345 1476 2376 omnes
1516 2344 1583 2380 ut.

162 2395 384 2458 lingulas.

113 2486 142 2516 ς»,
262 2462 324 2509 Et
344 2462 559 2526 primum
581 2460 646 2508 ita
664 2460 892 2508 inviolata
911 2462 1124 2511 castitate
1147 2463 1344 2524 enituit,
1380 2479 1435 2511 ut
1464 2466 1570 2529 post

160 2530 374 2578 amill'am
402 2530 662 2594 coniugem
689 2530 812 2576 nihil
833 2549 1066 2596 umquam
1086 2550 1348 2581 venereum
1368 2535 1403 2598 ¹)
1425 2535 1574 2598 agita-

531 2654 641 2661 .--—-

208 2717 266 2757 143
302 2715 371 2752 Ms.
413 2714 718 2763 imprudentiam,
766 2714 878 2761 idque
915 2719 1050 2749 rectius
1083 2727 1189 2762 puto.
1251 2719 1307 2759 ¹5)
1346 2720 1396 2753 al.
1435 2718 1565 2755 studio.

164 2760 218 2805 ιδ)
244 2759 310 2796 Ms.
343 2759 547 2798 destante-m.
614 2769 670 2807 ¹7)
695 2760 762 2796 Ms.
792 2759 1007 2796 tricensimo.
1066 2768 1102 2809 1)
1122 2761 1190 2798 ΜΓ.
1219 2765 1319 2812 augis
1347 2765 1473 2800 latens.
