1727 3144
253 183 414 216 XLVIII
514 181 838 214 HADRIANI
879 181 1131 215 VALESII
1162 181 1520 216 PRAEFATIO

249 312 358 342 rum
378 311 499 341 vana
517 291 672 340 studia
693 306 741 341 et
758 291 874 339 vitia
891 291 943 338 in
967 292 1218 340 Ammiani
1244 293 1382 341 libris
1414 293 1655 342 describe-

246 363 425 411 bantur
440 399 453 423 ,
495 380 654 427 aequo
672 360 835 409 animo
857 361 1073 408 tulerunt
1096 380 1121 408 a
1149 363 1407 427 peregrino
1441 365 1655 411 Graecu-

243 431 295 479 lo
317 431 366 477 in
390 431 603 479 Historia
623 431 782 495 palam
803 429 994 477 traduci
1012 429 1059 478 se
1083 449 1137 478 ac
1163 430 1400 494 derideri3
1437 432 1652 480 anthoni

246 500 577 549 existimarunt
606 501 784 546 liberas
813 516 984 547 eorum
1015 499 1412 562 reprehensiones
1435 519 1490 548 ac
1512 516 1651 549 notas

243 569 370 617 nihil
393 568 624 628 adktotius
649 568 923 632 amplissimi
943 567 1146 616 Ordinis
1177 587 1231 616 ae
1258 562 1512 618 universae
1537 570 1654 618 civi-

245 638 356 685 tatis
377 637 590 686 dedecus
610 639 710 685 ulla
730 637 915 685 ratione
951 637 1209 701 pertinere.

344 707 518 755 Petrus
545 706 783 754 Pithoeus
804 706 855 752 in
876 706 1091 770 margine
1114 706 1364 754 Ammiani
1392 705 1465 754 sui
1477 743 1493 765 ,
1536 726 1651 757 cum

242 775 415 823 codice
437 776 701 824 Valentino
723 775 914 836 collati,
944 794 1091 822 manu
1108 774 1189 823 sua
1213 775 1424 840 scripsit,
1460 791 1652 841 praeter

240 862 352 893 x111.
376 845 514 909 prim
519 863 567 893 es
586 845 739 892 libxos
763 845 848 909 qui
869 843 1202 892 defideiantui
1213 883 1225 906 ,
1271 845 1324 890 in
1344 845 1485 892 libris
1506 863 1649 894 xvln.

239 914 326 979 qui
352 913 626 978 supersunt,
662 917 817 961 malta
837 918 988 961 etlam
1016 915 1164 977 cleeff'e
1189 917 1377 962 videri·
1419 917 1649 979 quando-

237 986 434 1046 quidem
452 985 801 1042 ,Ammianus
818 984 980 1046 saepe
1020 987 1140 1046 plu]
1141 1002 1189 1029 es
1241 1001 1397 1030 annos
1445 985 1650 1031 indictos

238 1055 555 1099 transmittit:
586 1056 725 1116 qaod
733 1071 792 1099 ex
815 1054 1084 1114 Consulibus
1095 1071 1208 1118 quos
1218 1062 1356 1100 notat
1369 1055 1557 1110 ordine,
1592 1055 1646 1099 in

236 1124 402 1182 Fastis
423 1125 709 1169 intellectam
729 1124 806 1168 iri.
878 1122 953 1169 Ita
975 1121 1146 1169 Petrus
1166 1121 1402 1169 Pithoeus
1423 1123 1647 1185 loquitur

237 1204 285 1237 et
319 1190 472 1237 sentit.
548 1190 652 1239 Sed
681 1191 726 1238 ei
762 1189 1056 1254 respondere
1094 1189 1369 1255 possumus,
1429 1190 1647 1238 Ammia-

233 1276 353 1304 num
373 1258 574 1322 quidem
599 1258 833 1307 Consules
854 1259 1043 1324 aliquot
1059 1259 1110 1306 in
1139 1277 1280 1307 xvm.
1310 1259 1646 1307 voluminibus

234 1345 359 1391 quae
378 1326 661 1391 supersunt,
698 1326 929 1373 omififfe:
974 1345 1073 1373 non
1100 1343 1262 1374 tamen
1293 1345 1466 1375 eorum
1493 1345 1644 1375 anno-
1695 1375 1699 1377 .

231 1415 342 1442 rum
364 1414 441 1443 res
465 1394 614 1459 gestas
635 1392 854 1443 omififfe.
931 1394 1107 1442 Omisit
1128 1395 1331 1459 quidet!
1354 1396 1644 1443 Ammianus

228 1464 281 1510 in
304 1466 449 1512 rebus
471 1482 711 1524 annolum
731 1480 844 1510 xxv.
867 1463 999 1526 paria
1023 1463 1290 1511 Consulum
1320 1482 1381 1511 1x.
1410 1463 1642 1512 videlicet

229 1532 530 1597 Lupicinum
562 1547 609 1579 et
642 1532 896 1592 Iovinum,
943 1531 1342 1580 Valentinianum
1374 1533 1442 1581 II.
1475 1547 1522 1581 et
1541 1534 1646 1581 Va-'

225 1602 409 1649 lentem
431 1601 499 1647 II.
523 1614 571 1647 et
590 1598 989 1648 Valentinianum
1027 1600 1073 1647 N
1080 1600 1392 1648 obilllhmum
1425 1601 1639 1649 Pueium

227 1683 276 1717 et
293 1670 579 1729 Victorem,
622 1667 913 1715 Gratianum
940 1668 1213 1732 Augustum
1240 1670 1307 1716 II.
1334 1685 1380 1716 et
1398 1669 1635 1730 Probum,

225 1737 506 1786 Modestum
535 1751 583 1784 et
618 1735 971 1797 Arinthaeum,
1023 1738 1421 1786 Valentinianum
1459 1740 1548 1788 IV.
1589 1753 1638 1787 et

223 1807 485 1856 Valentem
508 1806 597 1854 IV.
621 1805 727 1869 post
750 1804 1064 1853 Consulatum
1087 1807 1309 1853 Gratiani
1333 1808 1429 1854 III.
1463 1822 1511 1854 et
1540 1808 1635 1856 Ae-

225 1875 399 1941 quitii3
425 1876 686 1924 Valentem
706 1873 767 1921 A.
792 1875 853 1924 V.
885 1890 931 1923 et
961 1875 1360 1924 Valentinianum
1387 1876 1633 1924 iuniorem

223 1946 287 1992 A.
322 1945 580 1992 Valentem
612 1943 674 1991 A.
707 1943 800 1990 VI.
833 1958 880 1990 ct
911 1944 1308 1992 Valentinianum
1325 1945 1385 1991 A.
1404 1945 1472 1992 ΙΙ.
1499 1944 1628 1993 Coss.

222 2013 324 2061 Sed
361 2031 485 2078 quae
517 2013 592 2060 his
626 2010 916 2060 Consulibus
945 2013 1081 2060 hisve
1105 2014 1241 2059 annis
1263 2027 1367 2060 acta
1391 2012 1526 2074 sunt,
1557 2014 1630 2060 ni-

220 2082 491 2131 hilominus
527 2082 771 2146 exposuit:
820 2100 932 2129 cum
976 2081 1239 2145 aliquando
1271 2083 1400 2129 bella
1431 2082 1626 2130 duobus

222 2166 305 2198 aut
348 2151 494 2198 etiam
536 2150 757 2221 plu1ihus
800 2151 935 2197 annis
981 2151 1106 2215 gelta
1134 2151 1365 2198 continua
1401 2152 1623 2199 oiatione

222 2234 436 2281 enalret,
475 2238 536 2267 ne
568 2219 739 2267 seriem
772 2238 934 2267 lerum
970 2221 1305 2284 ἱιηοῐίιῃηραῑ.
1396 2220 1624 2284 Exempli

218 2288 377 2336 caussa
395 2289 690 2336 tianslatos
679 2308 730 2334 1n
759 2288 1019 2336 Thraciam
1055 2289 1275 2351 Gothos,
1322 2302 1369 2336 et
1400 2289 1622 2337 Valentis

219 2359 281 2405 A.
304 2377 418 2405 cum
439 2359 507 2406 eis
529 2376 740 2422 pugnam
767 2376 820 2404 ac
845 2372 1053 2405 mortem
1071 2357 1172 2406 fuse
1205 2359 1254 2404 in
1284 2357 1412 2404 libro
1443 2358 1619 2404 ultimo

217 2441 597 2475 commemorat:
639 2426 817 2490 quibus
855 2442 1117 2492 utrumque
1156 2425 1280 2474 Cols.
1321 2427 1504 2473 sactum
1543 2425 1617 2486 fit,

217 2515 317 2543 non
346 2509 714 2545 commemorat.
794 2496 885 2543 Vir
917 2495 1115 2556 doctus,
1161 2496 1246 2560 qui
1273 2494 1497 2542 codicem
1524 2494 1615 2542 Re-

218 2565 351 2628 gium
372 2584 520 2612 manu
541 2564 622 2612 sua
644 2563 916 2629 descripsit,
957 2565 1006 2611 in
1026 2565 1154 2612 libro
1184 2581 1312 2611 xxtv.
1350 2564 1455 2627 post
1491 2564 1613 2610 haec

216 2635 364 2681 verba
399 2634 459 2681 de
490 2633 762 2682 Arinthaeo
805 2634 966 2681 Pe1sas
1007 2633 1347 2698 peisequente‚
1397 2634 1612 2679 lateblcze

215 2713 376 2752 texere
406 2705 555 2767 notzſj'
539 2722 694 2762 mae,
742 2703 806 2751 ad
834 2703 1102 2770 maiginem
1140 2702 1342 2750 adnotat
1380 2701 1612 2767 suspicari

1540 2768 1608 2831 sc,

1722 2511 1727 2573 2

1718 2587 1727 2743 ἑ

1721 2803 1727 2857 ἱ
