<?xml version="1.0" encoding="UTF-8"?>
<!DOCTYPE html PUBLIC "-//W3C//DTD XHTML 1.0 Transitional//EN"
    "http://www.w3.org/TR/xhtml1/DTD/xhtml1-transitional.dtd">
<html xmlns="http://www.w3.org/1999/xhtml" xml:lang="en" lang="en">
 <head>
  <title>
</title>
<meta http-equiv="Content-Type" content="text/html;charset=utf-8" />
  <meta name='ocr-system' content='tesseract 3.04.00' />
  <meta name='ocr-capabilities' content='ocr_page ocr_carea ocr_par ocr_line ocrx_word'/>
</head>
<body>
  <div class='ocr_page' id='page_1' title='image "ammianimarcellin01ammiuoft_0766.png"; bbox 0 0 1727 3144; ppageno 0'>
   <div class='ocr_carea' id='block_1_1' title="bbox 205 144 1462 211">
    <p class='ocr_par' dir='ltr' id='par_1_1' title="bbox 205 144 1462 211">
     <span class='ocr_line' id='line_1_1' title="bbox 205 144 1462 211; baseline -0.002 -14"><span class='ocrx_word' id='word_1_1' title='bbox 205 156 301 202; x_wconf 70' lang='lat'>500</span> <span class='ocrx_word' id='word_1_2' title='bbox 442 165 711 197; x_wconf 66' lang='grc' dir='ltr'><strong>ΑΜΜΙΑΜ</strong></span> <span class='ocrx_word' id='word_1_3' title='bbox 752 164 1139 195; x_wconf 70' lang='lat' dir='ltr'><strong>MARCELLINI</strong></span> <span class='ocrx_word' id='word_1_4' title='bbox 1173 164 1297 210; x_wconf 70' lang='lat' dir='ltr'>xxx,</span> <span class='ocrx_word' id='word_1_5' title='bbox 1332 144 1377 195; x_wconf 80' lang='grc'>8.</span> <span class='ocrx_word' id='word_1_6' title='bbox 1415 166 1462 211; x_wconf 72' lang='lat'>9.</span> 
     </span>
    </p>
   </div>
   <div class='ocr_carea' id='block_1_2' title="bbox 104 273 1646 2587">
    <p class='ocr_par' dir='ltr' id='par_1_2' title="bbox 104 273 1613 1013">
     <span class='ocr_line' id='line_1_2' title="bbox 104 273 1605 347; baseline -0.003 -22"><span class='ocrx_word' id='word_1_7' title='bbox 104 284 179 326; x_wconf 56' lang='lat'>‘10</span> <span class='ocrx_word' id='word_1_8' title='bbox 290 275 482 347; x_wconf 72' lang='lat' dir='ltr'>Invidia</span> <span class='ocrx_word' id='word_1_9' title='bbox 512 291 702 342; x_wconf 84' lang='lat' dir='ltr'>praeter</span> <span class='ocrx_word' id='word_1_10' title='bbox 734 275 854 322; x_wconf 85' lang='lat' dir='ltr'>haec</span> <span class='ocrx_word' id='word_1_11' title='bbox 886 273 1155 321; x_wconf 67' lang='lat' dir='ltr'>antedictus</span> <span class='ocrx_word' id='word_1_12' title='bbox 1183 273 1464 322; x_wconf 80' lang='lat' dir='ltr'>medullitus</span> <span class='ocrx_word' id='word_1_13' title='bbox 1500 291 1605 322; x_wconf 85' lang='lat' dir='ltr'>ure-</span> 
     </span>
     <span class='ocr_line' id='line_1_3' title="bbox 198 340 1606 408; baseline -0.003 -13"><span class='ocrx_word' id='word_1_14' title='bbox 198 347 369 395; x_wconf 83' lang='lat' dir='ltr'>batur:</span> <span class='ocrx_word' id='word_1_15' title='bbox 423 361 470 394; x_wconf 87' lang='lat' dir='ltr'>et</span> <span class='ocrx_word' id='word_1_16' title='bbox 511 346 662 393; x_wconf 74' lang='lat' dir='ltr'>sciens</span> <span class='ocrx_word' id='word_1_17' title='bbox 705 345 931 408; x_wconf 80' lang='lat' dir='ltr'>pleraque</span> <span class='ocrx_word' id='word_1_18' title='bbox 972 343 1199 392; x_wconf 85' lang='lat' dir='ltr'>vitiorum</span> <span class='ocrx_word' id='word_1_19' title='bbox 1240 343 1420 390; x_wconf 88' lang='lat' dir='ltr'>imitari</span> <span class='ocrx_word' id='word_1_20' title='bbox 1451 340 1606 391; x_wconf 81' lang='lat' dir='ltr'>solere</span> 
     </span>
     <span class='ocr_line' id='line_1_4' title="bbox 199 410 1608 478; baseline -0.004 -15"><span class='ocrx_word' id='word_1_21' title='bbox 199 417 428 477; x_wconf 76' lang='lat' dir='ltr'>virtutes3</span> <span class='ocrx_word' id='word_1_22' title='bbox 464 415 766 461; x_wconf 83' lang='lat' dir='ltr'>memorabat</span> <span class='ocrx_word' id='word_1_23' title='bbox 787 412 1011 472; x_wconf 82' lang='lat' dir='ltr'>adlidue‚</span> <span class='ocrx_word' id='word_1_24' title='bbox 1050 410 1090 478; x_wconf 77' lang='grc'>6)</span> <span class='ocrx_word' id='word_1_25' title='bbox 1113 411 1414 461; x_wconf 84' lang='lat' dir='ltr'>severitatem</span> <span class='ocrx_word' id='word_1_26' title='bbox 1451 426 1608 459; x_wconf 82' lang='lat' dir='ltr'>rectae</span> 
     </span>
     <span class='ocr_line' id='line_1_5' title="bbox 198 479 1612 550; baseline -0.004 -19"><span class='ocrx_word' id='word_1_27' title='bbox 198 485 445 550; x_wconf 79' lang='lat' dir='ltr'>potestatis</span> <span class='ocrx_word' id='word_1_28' title='bbox 470 483 560 530; x_wconf 72' lang='lat' dir='ltr'>ess&#39;e</span> <span class='ocrx_word' id='word_1_29' title='bbox 585 481 889 529; x_wconf 82' lang='lat' dir='ltr'>individuam</span> <span class='ocrx_word' id='word_1_30' title='bbox 923 481 1118 528; x_wconf 78' lang='lat' dir='ltr'>sociam.</span> <span class='ocrx_word' id='word_1_31' title='bbox 1204 480 1363 546; x_wconf 87' lang='lat' dir='ltr'>thue</span> <span class='ocrx_word' id='word_1_32' title='bbox 1397 480 1504 527; x_wconf 79' lang='lat' dir='ltr'>l&#39;unt</span> <span class='ocrx_word' id='word_1_33' title='bbox 1537 479 1612 527; x_wconf 88' lang='lat' dir='ltr'>di-</span> 
     </span>
     <span class='ocr_line' id='line_1_6' title="bbox 203 549 1608 618; baseline -0.003 -18"><span class='ocrx_word' id='word_1_34' title='bbox 203 555 436 618; x_wconf 79' lang='lat' dir='ltr'>gnitatum</span> <span class='ocrx_word' id='word_1_35' title='bbox 459 552 618 616; x_wconf 82' lang='lat' dir='ltr'>apices</span> <span class='ocrx_word' id='word_1_36' title='bbox 641 551 835 598; x_wconf 82' lang='lat' dir='ltr'>maximi</span> <span class='ocrx_word' id='word_1_37' title='bbox 859 551 1004 598; x_wconf 87' lang='lat' dir='ltr'>licere</span> <span class='ocrx_word' id='word_1_38' title='bbox 1028 549 1117 596; x_wconf 87' lang='lat' dir='ltr'>fibi</span> <span class='ocrx_word' id='word_1_39' title='bbox 1143 563 1313 597; x_wconf 86' lang='lat' dir='ltr'>cuncta</span> <span class='ocrx_word' id='word_1_40' title='bbox 1344 549 1608 597; x_wconf 83' lang='lat' dir='ltr'>existiman-</span> 
     </span>
     <span class='ocr_line' id='line_1_7' title="bbox 202 618 1611 685; baseline -0.003 -17"><span class='ocrx_word' id='word_1_41' title='bbox 202 636 299 683; x_wconf 81' lang='lat' dir='ltr'>tes,</span> <span class='ocrx_word' id='word_1_42' title='bbox 347 637 393 669; x_wconf 84' lang='lat' dir='ltr'>et</span> <span class='ocrx_word' id='word_1_43' title='bbox 414 622 475 667; x_wconf 90' lang='lat' dir='ltr'>ad</span> <span class='ocrx_word' id='word_1_44' title='bbox 500 623 539 685; x_wconf 84' lang='lat'>⁷)</span> <span class='ocrx_word' id='word_1_45' title='bbox 562 619 930 685; x_wconf 78' lang='lat' dir='ltr'>supplicandum</span> <span class='ocrx_word' id='word_1_46' title='bbox 960 620 1229 666; x_wconf 86' lang='lat' dir='ltr'>contrarios</span> <span class='ocrx_word' id='word_1_47' title='bbox 1263 618 1611 665; x_wconf 82' lang='lat' dir='ltr'>exturbandos-</span> 
     </span>
     <span class='ocr_line' id='line_1_8' title="bbox 205 686 1612 756; baseline -0.004 -18"><span class='ocrx_word' id='word_1_48' title='bbox 205 709 300 756; x_wconf 86' lang='lat' dir='ltr'>que</span> <span class='ocrx_word' id='word_1_49' title='bbox 321 692 546 738; x_wconf 84' lang='lat' dir='ltr'>meliores</span> <span class='ocrx_word' id='word_1_50' title='bbox 572 690 770 754; x_wconf 88' lang='lat' dir='ltr'>pronius</span> <span class='ocrx_word' id='word_1_51' title='bbox 799 689 1042 749; x_wconf 82' lang='lat' dir='ltr'>inclinati,</span> <span class='ocrx_word' id='word_1_52' title='bbox 1076 690 1199 735; x_wconf 88' lang='lat' dir='ltr'>bene</span> <span class='ocrx_word' id='word_1_53' title='bbox 1220 687 1412 736; x_wconf 75' lang='lat' dir='ltr'>vestitos</span> <span class='ocrx_word' id='word_1_54' title='bbox 1439 686 1612 734; x_wconf 82' lang='lat' dir='ltr'>oderat</span> 
     </span>
     <span class='ocr_line' id='line_1_9' title="bbox 207 756 1610 821; baseline -0.004 -14"><span class='ocrx_word' id='word_1_55' title='bbox 207 774 254 807; x_wconf 86' lang='lat' dir='ltr'>et</span> <span class='ocrx_word' id='word_1_56' title='bbox 287 759 532 820; x_wconf 84' lang='lat' dir='ltr'>eruditos,</span> <span class='ocrx_word' id='word_1_57' title='bbox 577 772 624 805; x_wconf 88' lang='lat' dir='ltr'>et</span> <span class='ocrx_word' id='word_1_58' title='bbox 655 757 938 821; x_wconf 78' lang='lat' dir='ltr'>opuleutOS‚</span> <span class='ocrx_word' id='word_1_59' title='bbox 988 770 1034 803; x_wconf 86' lang='lat' dir='ltr'>et</span> <span class='ocrx_word' id='word_1_60' title='bbox 1063 757 1282 804; x_wconf 84' lang='lat' dir='ltr'>nobiles:</span> <span class='ocrx_word' id='word_1_61' title='bbox 1331 770 1378 803; x_wconf 90' lang='lat' dir='ltr'>et</span> <span class='ocrx_word' id='word_1_62' title='bbox 1401 756 1610 812; x_wconf 84' lang='lat' dir='ltr'>fortibus</span> 
     </span>
     <span class='ocr_line' id='line_1_10' title="bbox 207 824 1613 889; baseline -0.003 -14"><span class='ocrx_word' id='word_1_63' title='bbox 207 829 519 889; x_wconf 78' lang='lat' dir='ltr'>detrahebat,</span> <span class='ocrx_word' id='word_1_64' title='bbox 549 842 603 874; x_wconf 91' lang='lat' dir='ltr'>ut</span> <span class='ocrx_word' id='word_1_65' title='bbox 625 826 752 873; x_wconf 76' lang='lat' dir='ltr'>l&#39;olus</span> <span class='ocrx_word' id='word_1_66' title='bbox 776 824 1020 872; x_wconf 83' lang='lat' dir='ltr'>videretur</span> <span class='ocrx_word' id='word_1_67' title='bbox 1041 825 1183 872; x_wconf 84' lang='lat' dir='ltr'>bonis</span> <span class='ocrx_word' id='word_1_68' title='bbox 1216 826 1399 872; x_wconf 84' lang='lat' dir='ltr'>artibus</span> <span class='ocrx_word' id='word_1_69' title='bbox 1433 825 1613 871; x_wconf 82' lang='lat' dir='ltr'>emine-</span> 
     </span>
     <span class='ocr_line' id='line_1_11' title="bbox 207 892 1612 961; baseline -0.003 -17"><span class='ocrx_word' id='word_1_70' title='bbox 207 916 280 944; x_wconf 85' lang='lat' dir='ltr'>re:</span> <span class='ocrx_word' id='word_1_71' title='bbox 325 915 423 961; x_wconf 88' lang='lat' dir='ltr'>quo</span> <span class='ocrx_word' id='word_1_72' title='bbox 455 896 576 944; x_wconf 88' lang='lat' dir='ltr'>vitio</span> <span class='ocrx_word' id='word_1_73' title='bbox 609 892 819 941; x_wconf 76' lang='lat' dir='ltr'>exarfiss&#39;e</span> <span class='ocrx_word' id='word_1_74' title='bbox 853 894 1135 957; x_wconf 79' lang='lat' dir='ltr'>Principem</span> <span class='ocrx_word' id='word_1_75' title='bbox 1163 894 1368 957; x_wconf 79' lang='lat' dir='ltr'>legimus</span> <span class='ocrx_word' id='word_1_76' title='bbox 1406 892 1612 940; x_wconf 84' lang='lat' dir='ltr'>Hadria-</span> 
     </span>
     <span class='ocr_line' id='line_1_12' title="bbox 207 983 342 1013; baseline -0.007 -1"><span class='ocrx_word' id='word_1_77' title='bbox 207 983 342 1013; x_wconf 84' lang='lat' dir='ltr'>num.</span> 
     </span>
    </p>

    <p class='ocr_par' dir='ltr' id='par_1_3' title="bbox 131 1027 1626 1304">
     <span class='ocr_line' id='line_1_13' title="bbox 131 1027 1614 1097; baseline -0.004 -16"><span class='ocrx_word' id='word_1_78' title='bbox 131 1050 184 1076; x_wconf 67' lang='lat'>³1</span> <span class='ocrx_word' id='word_1_79' title='bbox 309 1033 560 1097; x_wconf 78' lang='lat' dir='ltr'>Arguebat</span> <span class='ocrx_word' id='word_1_80' title='bbox 595 1031 677 1078; x_wconf 85' lang='lat' dir='ltr'>hic</span> <span class='ocrx_word' id='word_1_81' title='bbox 720 1027 852 1077; x_wconf 87' lang='lat' dir='ltr'>idem</span> <span class='ocrx_word' id='word_1_82' title='bbox 891 1028 1124 1093; x_wconf 81' lang='lat' dir='ltr'>Princeps</span> <span class='ocrx_word' id='word_1_83' title='bbox 1167 1028 1367 1076; x_wconf 82' lang='lat' dir='ltr'>timidos</span> <span class='ocrx_word' id='word_1_84' title='bbox 1408 1028 1614 1093; x_wconf 82' lang='lat' dir='ltr'>saepius,</span> 
     </span>
     <span class='ocr_line' id='line_1_14' title="bbox 207 1096 1617 1164; baseline -0.004 -14"><span class='ocrx_word' id='word_1_85' title='bbox 207 1102 476 1150; x_wconf 79' lang='lat' dir='ltr'>maculosos</span> <span class='ocrx_word' id='word_1_86' title='bbox 498 1102 616 1148; x_wconf 83' lang='lat' dir='ltr'>tales</span> <span class='ocrx_word' id='word_1_87' title='bbox 636 1098 886 1164; x_wconf 85' lang='lat' dir='ltr'>adpellaus</span> <span class='ocrx_word' id='word_1_88' title='bbox 915 1113 962 1146; x_wconf 88' lang='lat' dir='ltr'>et</span> <span class='ocrx_word' id='word_1_89' title='bbox 987 1096 1243 1158; x_wconf 84' lang='lat' dir='ltr'>sordidos,</span> <span class='ocrx_word' id='word_1_90' title='bbox 1281 1111 1329 1144; x_wconf 90' lang='lat' dir='ltr'>et</span> <span class='ocrx_word' id='word_1_91' title='bbox 1367 1098 1490 1144; x_wconf 83' lang='lat' dir='ltr'>intra</span> <span class='ocrx_word' id='word_1_92' title='bbox 1519 1097 1617 1144; x_wconf 78' lang='lat' dir='ltr'>sor·</span> 
     </span>
     <span class='ocr_line' id='line_1_15' title="bbox 207 1166 1618 1231; baseline -0.005 -13"><span class='ocrx_word' id='word_1_93' title='bbox 207 1182 304 1219; x_wconf 74' lang='lat' dir='ltr'>teni</span> <span class='ocrx_word' id='word_1_94' title='bbox 339 1171 576 1217; x_wconf 83' lang='lat' dir='ltr'>humilem</span> <span class='ocrx_word' id='word_1_95' title='bbox 612 1168 970 1216; x_wconf 83' lang='lat' dir='ltr'>amandandos:</span> <span class='ocrx_word' id='word_1_96' title='bbox 1011 1166 1075 1215; x_wconf 88' lang='lat' dir='ltr'>ad</span> <span class='ocrx_word' id='word_1_97' title='bbox 1104 1184 1307 1231; x_wconf 81' lang='lat' dir='ltr'>pavores</span> <span class='ocrx_word' id='word_1_98' title='bbox 1340 1167 1503 1214; x_wconf 85' lang='lat' dir='ltr'>irritos</span> <span class='ocrx_word' id='word_1_99' title='bbox 1535 1166 1618 1213; x_wconf 84' lang='lat' dir='ltr'>ali·-</span> 
     </span>
     <span class='ocr_line' id='line_1_16' title="bbox 209 1234 1626 1304; baseline -0.003 -18"><span class='ocrx_word' id='word_1_100' title='bbox 209 1240 401 1304; x_wconf 73' lang='lat' dir='ltr'>quoties</span> <span class='ocrx_word' id='word_1_101' title='bbox 441 1239 676 1285; x_wconf 83' lang='lat' dir='ltr'>abiectius</span> <span class='ocrx_word' id='word_1_102' title='bbox 719 1237 925 1301; x_wconf 83' lang='lat' dir='ltr'>pall-ens,</span> <span class='ocrx_word' id='word_1_103' title='bbox 987 1251 1033 1284; x_wconf 87' lang='lat' dir='ltr'>et</span> <span class='ocrx_word' id='word_1_104' title='bbox 1061 1234 1205 1300; x_wconf 86' lang='lat' dir='ltr'>&#39;quod</span> <span class='ocrx_word' id='word_1_105' title='bbox 1237 1253 1477 1300; x_wconf 84' lang='lat' dir='ltr'>nusquam</span> <span class='ocrx_word' id='word_1_106' title='bbox 1516 1248 1626 1282; x_wconf 75' lang='lat' dir='ltr'>erat</span> 
     </span>
    </p>

    <p class='ocr_par' dir='ltr' id='par_1_4' title="bbox 135 1303 1621 1647">
     <span class='ocr_line' id='line_1_17' title="bbox 135 1303 1617 1369; baseline -0.003 -15"><span class='ocrx_word' id='word_1_107' title='bbox 135 1327 192 1354; x_wconf 74' lang='lat'>⁴12</span> <span class='ocrx_word' id='word_1_108' title='bbox 211 1311 249 1366; x_wconf 76' lang='grc'>8)</span> <span class='ocrx_word' id='word_1_109' title='bbox 276 1310 370 1355; x_wconf 84' lang='lat' dir='ltr'>ima</span> <span class='ocrx_word' id='word_1_110' title='bbox 400 1322 561 1356; x_wconf 86' lang='lat' dir='ltr'>mente</span> <span class='ocrx_word' id='word_1_111' title='bbox 591 1307 875 1354; x_wconf 84' lang='lat' dir='ltr'>formidans.</span> <span class='ocrx_word' id='word_1_112' title='bbox 956 1309 1071 1369; x_wconf 83' lang='lat' dir='ltr'>Quo</span> <span class='ocrx_word' id='word_1_113' title='bbox 1109 1304 1357 1352; x_wconf 86' lang='lat' dir='ltr'>intellecto</span> <span class='ocrx_word' id='word_1_114' title='bbox 1396 1303 1617 1368; x_wconf 82' lang='lat' dir='ltr'>magister</span> 
     </span>
     <span class='ocr_line' id='line_1_18' title="bbox 212 1372 1619 1440; baseline -0.006 -14"><span class='ocrx_word' id='word_1_115' title='bbox 212 1378 485 1426; x_wconf 84' lang='lat' dir='ltr'>officiorum</span> <span class='ocrx_word' id='word_1_116' title='bbox 508 1376 782 1440; x_wconf 81' lang='lat' dir='ltr'>Remigius,</span> <span class='ocrx_word' id='word_1_117' title='bbox 818 1393 930 1422; x_wconf 75' lang='lat' dir='ltr'>cuni</span> <span class='ocrx_word' id='word_1_118' title='bbox 955 1393 1066 1422; x_wconf 89' lang='lat' dir='ltr'>eum</span> <span class='ocrx_word' id='word_1_119' title='bbox 1101 1392 1157 1421; x_wconf 77' lang='lat' dir='ltr'>ex</span> <span class='ocrx_word' id='word_1_120' title='bbox 1186 1372 1516 1420; x_wconf 78' lang='lat' dir='ltr'>incidentibus</span> <span class='ocrx_word' id='word_1_121' title='bbox 1546 1373 1619 1419; x_wconf 84' lang='lat' dir='ltr'>ira</span> 
     </span>
     <span class='ocr_line' id='line_1_19' title="bbox 208 1441 1619 1507; baseline -0.006 -12"><span class='ocrx_word' id='word_1_122' title='bbox 208 1449 396 1496; x_wconf 81' lang='lat' dir='ltr'>fervere</span> <span class='ocrx_word' id='word_1_123' title='bbox 430 1446 650 1505; x_wconf 79' lang='lat' dir='ltr'>sentiret,</span> <span class='ocrx_word' id='word_1_124' title='bbox 711 1444 817 1491; x_wconf 89' lang='lat' dir='ltr'>fieri</span> <span class='ocrx_word' id='word_1_125' title='bbox 857 1458 1017 1491; x_wconf 88' lang='lat' dir='ltr'>motus</span> <span class='ocrx_word' id='word_1_126' title='bbox 1061 1441 1297 1507; x_wconf 85' lang='lat' dir='ltr'>quosdam</span> <span class='ocrx_word' id='word_1_127' title='bbox 1338 1441 1619 1488; x_wconf 79' lang='lat' dir='ltr'>barbaricos</span> 
     </span>
     <span class='ocr_line' id='line_1_20' title="bbox 210 1510 1621 1577; baseline -0.006 -13"><span class='ocrx_word' id='word_1_128' title='bbox 210 1517 336 1564; x_wconf 86' lang='lat' dir='ltr'>inter</span> <span class='ocrx_word' id='word_1_129' title='bbox 367 1516 456 1563; x_wconf 89' lang='lat' dir='ltr'>alia</span> <span class='ocrx_word' id='word_1_130' title='bbox 484 1515 790 1562; x_wconf 78' lang='lat' dir='ltr'>subserebat:</span> <span class='ocrx_word' id='word_1_131' title='bbox 837 1512 1030 1577; x_wconf 84' lang='lat' dir='ltr'>hocque</span> <span class='ocrx_word' id='word_1_132' title='bbox 1066 1512 1148 1558; x_wconf 85' lang='lat' dir='ltr'>ille</span> <span class='ocrx_word' id='word_1_133' title='bbox 1183 1510 1374 1571; x_wconf 83' lang='lat' dir='ltr'>audito,</span> <span class='ocrx_word' id='word_1_134' title='bbox 1418 1510 1531 1574; x_wconf 88' lang='lat' dir='ltr'>quia</span> <span class='ocrx_word' id='word_1_135' title='bbox 1561 1510 1621 1556; x_wconf 85' lang='lat' dir='ltr'>ti-</span> 
     </span>
     <span class='ocr_line' id='line_1_21' title="bbox 213 1578 1619 1647; baseline -0.005 -15"><span class='ocrx_word' id='word_1_136' title='bbox 213 1603 349 1639; x_wconf 82' lang='lat' dir='ltr'>more</span> <span class='ocrx_word' id='word_1_137' title='bbox 368 1603 485 1632; x_wconf 80' lang='lat' dir='ltr'>mox</span> <span class='ocrx_word' id='word_1_138' title='bbox 506 1586 840 1647; x_wconf 74' lang='lat' dir='ltr'>frangebatur,</span> <span class='ocrx_word' id='word_1_139' title='bbox 870 1595 924 1627; x_wconf 85' lang='lat' dir='ltr'>ut</span> <span class='ocrx_word' id='word_1_140' title='bbox 943 1580 1221 1628; x_wconf 70' lang='lat' dir='ltr'>Antoninus</span> <span class='ocrx_word' id='word_1_141' title='bbox 1243 1579 1357 1626; x_wconf 86' lang='lat' dir='ltr'>Pius</span> <span class='ocrx_word' id='word_1_142' title='bbox 1378 1593 1478 1640; x_wconf 79' lang='lat' dir='ltr'>erat</span> <span class='ocrx_word' id='word_1_143' title='bbox 1498 1578 1619 1626; x_wconf 78' lang='lat' dir='ltr'>fere-</span> 
     </span>
    </p>

    <p class='ocr_par' dir='ltr' id='par_1_5' title="bbox 142 1647 1626 1986">
     <span class='ocr_line' id='line_1_22' title="bbox 142 1647 1621 1713; baseline -0.005 -11"><span class='ocrx_word' id='word_1_144' title='bbox 142 1662 196 1704; x_wconf 79' lang='lat'>13</span> <span class='ocrx_word' id='word_1_145' title='bbox 216 1674 304 1702; x_wconf 86' lang='lat' dir='ltr'>nus</span> <span class='ocrx_word' id='word_1_146' title='bbox 331 1669 378 1702; x_wconf 86' lang='lat' dir='ltr'>et</span> <span class='ocrx_word' id='word_1_147' title='bbox 409 1656 636 1702; x_wconf 84' lang='lat' dir='ltr'>clemens.</span> <span class='ocrx_word' id='word_1_148' title='bbox 718 1651 911 1698; x_wconf 82' lang='lat' dir='ltr'>Iudices</span> <span class='ocrx_word' id='word_1_149' title='bbox 941 1667 1209 1713; x_wconf 83' lang='lat' dir='ltr'>numquam</span> <span class='ocrx_word' id='word_1_150' title='bbox 1240 1647 1461 1695; x_wconf 81' lang='lat' dir='ltr'>consulto</span> <span class='ocrx_word' id='word_1_151' title='bbox 1486 1647 1621 1694; x_wconf 88' lang='lat' dir='ltr'>mali-</span> 
     </span>
     <span class='ocr_line' id='line_1_23' title="bbox 216 1716 1621 1788; baseline -0.005 -19"><span class='ocrx_word' id='word_1_152' title='bbox 216 1742 335 1788; x_wconf 83' lang='lat' dir='ltr'>gnos</span> <span class='ocrx_word' id='word_1_153' title='bbox 358 1724 523 1787; x_wconf 83' lang='lat' dir='ltr'>elegit:</span> <span class='ocrx_word' id='word_1_154' title='bbox 555 1721 637 1768; x_wconf 81' lang='lat' dir='ltr'>sed</span> <span class='ocrx_word' id='word_1_155' title='bbox 660 1720 694 1766; x_wconf 85' lang='lat' dir='ltr'>fi</span> <span class='ocrx_word' id='word_1_156' title='bbox 714 1720 860 1767; x_wconf 84' lang='lat' dir='ltr'>semel</span> <span class='ocrx_word' id='word_1_157' title='bbox 883 1733 1134 1784; x_wconf 86' lang='lat' dir='ltr'>promotos</span> <span class='ocrx_word' id='word_1_158' title='bbox 1160 1736 1298 1781; x_wconf 75' lang='lat' dir='ltr'>agere</span> <span class='ocrx_word' id='word_1_159' title='bbox 1331 1716 1505 1764; x_wconf 79' lang='lat' dir='ltr'>didicit</span> <span class='ocrx_word' id='word_1_160' title='bbox 1532 1717 1621 1762; x_wconf 84' lang='lat' dir='ltr'>im·</span> 
     </span>
     <span class='ocr_line' id='line_1_24' title="bbox 216 1783 1623 1856; baseline -0.006 -17"><span class='ocrx_word' id='word_1_161' title='bbox 216 1794 445 1852; x_wconf 85' lang='lat' dir='ltr'>maniter,</span> <span class='ocrx_word' id='word_1_162' title='bbox 482 1793 732 1856; x_wconf 70' lang='lat' dir='ltr'>Lycurgos</span> <span class='ocrx_word' id='word_1_163' title='bbox 759 1788 985 1836; x_wconf 81' lang='lat' dir='ltr'>invenisse</span> <span class='ocrx_word' id='word_1_164' title='bbox 1020 1786 1063 1834; x_wconf 81' lang='lat' dir='ltr'>se</span> <span class='ocrx_word' id='word_1_165' title='bbox 1093 1787 1406 1852; x_wconf 85' lang='lat' dir='ltr'>praedicabat</span> <span class='ocrx_word' id='word_1_166' title='bbox 1436 1799 1483 1832; x_wconf 88' lang='lat' dir='ltr'>et</span> <span class='ocrx_word' id='word_1_167' title='bbox 1515 1783 1623 1833; x_wconf 80' lang='lat' dir='ltr'>Cas-</span> 
     </span>
     <span class='ocr_line' id='line_1_25' title="bbox 216 1853 1624 1921; baseline -0.006 -14"><span class='ocrx_word' id='word_1_168' title='bbox 216 1861 337 1918; x_wconf 77' lang='lat' dir='ltr'>lios,</span> <span class='ocrx_word' id='word_1_169' title='bbox 365 1862 610 1907; x_wconf 84' lang='lat' dir='ltr'>columina</span> <span class='ocrx_word' id='word_1_170' title='bbox 644 1858 855 1906; x_wconf 81' lang='lat' dir='ltr'>Iustitiae</span> <span class='ocrx_word' id='word_1_171' title='bbox 899 1857 1076 1921; x_wconf 83' lang='lat' dir='ltr'>prisca:</span> <span class='ocrx_word' id='word_1_172' title='bbox 1120 1855 1430 1919; x_wconf 82' lang='lat' dir='ltr'>scribensque</span> <span class='ocrx_word' id='word_1_173' title='bbox 1463 1853 1624 1900; x_wconf 84' lang='lat' dir='ltr'>horta-</span> 
     </span>
     <span class='ocr_line' id='line_1_26' title="bbox 219 1921 1626 1986; baseline -0.005 -10"><span class='ocrx_word' id='word_1_174' title='bbox 219 1930 361 1976; x_wconf 83' lang='lat' dir='ltr'>batur</span> <span class='ocrx_word' id='word_1_175' title='bbox 389 1927 610 1986; x_wconf 86' lang='lat' dir='ltr'>adlidue,</span> <span class='ocrx_word' id='word_1_176' title='bbox 644 1942 697 1973; x_wconf 90' lang='lat' dir='ltr'>ut</span> <span class='ocrx_word' id='word_1_177' title='bbox 721 1945 864 1973; x_wconf 77' lang='lat' dir='ltr'>noxas</span> <span class='ocrx_word' id='word_1_178' title='bbox 890 1927 968 1973; x_wconf 86' lang='lat' dir='ltr'>vel</span> <span class='ocrx_word' id='word_1_179' title='bbox 995 1926 1123 1972; x_wconf 90' lang='lat' dir='ltr'>leves</span> <span class='ocrx_word' id='word_1_180' title='bbox 1158 1925 1377 1971; x_wconf 83' lang='lat' dir='ltr'>acerbius</span> <span class='ocrx_word' id='word_1_181' title='bbox 1411 1921 1626 1970; x_wconf 87' lang='lat' dir='ltr'>vindica-</span> 
     </span>
    </p>

    <p class='ocr_par' dir='ltr' id='par_1_6' title="bbox 150 1991 1646 2335">
     <span class='ocr_line' id='line_1_27' title="bbox 150 1991 1625 2056; baseline -0.005 -12"><span class='ocrx_word' id='word_1_182' title='bbox 150 1999 202 2052; x_wconf 74' lang='grc'>14</span> <span class='ocrx_word' id='word_1_183' title='bbox 223 2011 342 2045; x_wconf 87' lang='lat' dir='ltr'>rent.</span> <span class='ocrx_word' id='word_1_184' title='bbox 416 1995 520 2042; x_wconf 85' lang='lat' dir='ltr'>Nec</span> <span class='ocrx_word' id='word_1_185' title='bbox 541 1994 747 2040; x_wconf 83' lang='lat' dir='ltr'>adflictis</span> <span class='ocrx_word' id='word_1_186' title='bbox 763 2031 774 2053; x_wconf 81' lang='lat'>‚</span> <span class='ocrx_word' id='word_1_187' title='bbox 806 1995 840 2038; x_wconf 81' lang='lat' dir='ltr'>fi</span> <span class='ocrx_word' id='word_1_188' title='bbox 862 1995 961 2040; x_wconf 87' lang='lat' dir='ltr'>fors</span> <span class='ocrx_word' id='word_1_189' title='bbox 984 1991 1232 2056; x_wconf 73' lang='lat' dir='ltr'>ingruisset</span> <span class='ocrx_word' id='word_1_190' title='bbox 1259 1992 1487 2052; x_wconf 82' lang='lat' dir='ltr'>inferior,</span> <span class='ocrx_word' id='word_1_191' title='bbox 1522 2005 1625 2037; x_wconf 84' lang='lat' dir='ltr'>erat</span> 
     </span>
     <span class='ocr_line' id='line_1_28' title="bbox 218 2057 1625 2124; baseline -0.005 -11"><span class='ocrx_word' id='word_1_192' title='bbox 218 2067 373 2113; x_wconf 86' lang='lat' dir='ltr'>ullum</span> <span class='ocrx_word' id='word_1_193' title='bbox 410 2065 460 2110; x_wconf 88' lang='lat' dir='ltr'>in</span> <span class='ocrx_word' id='word_1_194' title='bbox 498 2061 738 2122; x_wconf 84' lang='lat' dir='ltr'>Principis</span> <span class='ocrx_word' id='word_1_195' title='bbox 779 2061 1076 2123; x_wconf 80' lang='lat' dir='ltr'>benignitate</span> <span class='ocrx_word' id='word_1_196' title='bbox 1117 2061 1420 2124; x_wconf 82' lang='lat' dir='ltr'>perfugium:</span> <span class='ocrx_word' id='word_1_197' title='bbox 1488 2057 1625 2123; x_wconf 86' lang='lat' dir='ltr'>quod</span> 
     </span>
     <span class='ocr_line' id='line_1_29' title="bbox 219 2127 1646 2198; baseline -0.006 -16"><span class='ocrx_word' id='word_1_198' title='bbox 219 2135 408 2198; x_wconf 80' lang='lat' dir='ltr'>semper</span> <span class='ocrx_word' id='word_1_199' title='bbox 432 2146 488 2178; x_wconf 87' lang='lat' dir='ltr'>ut</span> <span class='ocrx_word' id='word_1_200' title='bbox 519 2131 696 2194; x_wconf 76' lang='lat' dir='ltr'>agitato</span> <span class='ocrx_word' id='word_1_201' title='bbox 727 2129 846 2176; x_wconf 86' lang='lat' dir='ltr'>mari</span> <span class='ocrx_word' id='word_1_202' title='bbox 878 2129 1092 2189; x_wconf 85' lang='lat' dir='ltr'>iactatis,</span> <span class='ocrx_word' id='word_1_203' title='bbox 1150 2143 1316 2193; x_wconf 85' lang='lat' dir='ltr'>portus</span> <span class='ocrx_word' id='word_1_204' title='bbox 1362 2127 1515 2191; x_wconf 83' lang='lat' dir='ltr'>patuit</span> <span class='ocrx_word' id='word_1_205' title='bbox 1553 2145 1646 2179; x_wconf 39' lang='lat' dir='ltr'>exa</span> 
     </span>
     <span class='ocr_line' id='line_1_30' title="bbox 223 2194 1626 2267; baseline -0.005 -17"><span class='ocrx_word' id='word_1_206' title='bbox 223 2217 443 2267; x_wconf 59' lang='lat' dir='ltr'>optatus„</span> <span class='ocrx_word' id='word_1_207' title='bbox 506 2203 643 2248; x_wconf 65' lang='lat' dir='ltr'>Finis</span> <span class='ocrx_word' id='word_1_208' title='bbox 660 2202 789 2245; x_wconf 76' lang='lat' dir='ltr'>enim</span> <span class='ocrx_word' id='word_1_209' title='bbox 810 2201 919 2263; x_wconf 58' lang='lat' dir='ltr'>insti</span> <span class='ocrx_word' id='word_1_210' title='bbox 939 2200 1165 2259; x_wconf 77' lang='lat' dir='ltr'>imperii,</span> <span class='ocrx_word' id='word_1_211' title='bbox 1194 2211 1249 2244; x_wconf 88' lang='lat' dir='ltr'>ut</span> <span class='ocrx_word' id='word_1_212' title='bbox 1270 2195 1505 2260; x_wconf 81' lang='lat' dir='ltr'>sapientes</span> <span class='ocrx_word' id='word_1_213' title='bbox 1540 2194 1626 2243; x_wconf 90' lang='lat' dir='ltr'>do-</span> 
     </span>
     <span class='ocr_line' id='line_1_31' title="bbox 223 2268 1458 2335; baseline -0.007 -15"><span class='ocrx_word' id='word_1_214' title='bbox 223 2286 360 2335; x_wconf 85' lang='lat' dir='ltr'>cent,</span> <span class='ocrx_word' id='word_1_215' title='bbox 395 2272 577 2316; x_wconf 73' lang='lat' dir='ltr'>utilitas</span> <span class='ocrx_word' id='word_1_216' title='bbox 596 2269 913 2315; x_wconf 76' lang='lat' dir='ltr'>obedientiam</span> <span class='ocrx_word' id='word_1_217' title='bbox 929 2269 1216 2327; x_wconf 77' lang='lat' dir='ltr'>aestimatur</span> <span class='ocrx_word' id='word_1_218' title='bbox 1245 2276 1291 2312; x_wconf 81' lang='lat' dir='ltr'>et</span> <span class='ocrx_word' id='word_1_219' title='bbox 1302 2268 1458 2326; x_wconf 40' lang='grc' dir='ltr'>μαίας.</span> 
     </span>
    </p>

    <p class='ocr_par' dir='ltr' id='par_1_7' title="bbox 182 2333 1628 2543">
     <span class='ocr_line' id='line_1_32' title="bbox 182 2333 1623 2398; baseline -0.007 -9"><span class='ocrx_word' id='word_1_220' title='bbox 182 2353 200 2378; x_wconf 88' lang='lat'>1</span> <span class='ocrx_word' id='word_1_221' title='bbox 319 2342 410 2388; x_wconf 82' lang='lat' dir='ltr'>IX.</span> <span class='ocrx_word' id='word_1_222' title='bbox 448 2335 834 2386; x_wconf 74' lang='lat' dir='ltr'>Consentaneum</span> <span class='ocrx_word' id='word_1_223' title='bbox 858 2337 923 2384; x_wconf 81' lang='lat' dir='ltr'>est</span> <span class='ocrx_word' id='word_1_224' title='bbox 941 2336 1103 2384; x_wconf 88' lang='lat' dir='ltr'>venire</span> <span class='ocrx_word' id='word_1_225' title='bbox 1134 2334 1385 2398; x_wconf 80' lang='lat' dir='ltr'>posthaec</span> <span class='ocrx_word' id='word_1_226' title='bbox 1424 2333 1486 2380; x_wconf 87' lang='lat' dir='ltr'>ad</span> <span class='ocrx_word' id='word_1_227' title='bbox 1521 2333 1623 2380; x_wconf 82' lang='lat' dir='ltr'>eius</span> 
     </span>
     <span class='ocr_line' id='line_1_33' title="bbox 224 2401 1625 2472; baseline -0.006 -16"><span class='ocrx_word' id='word_1_228' title='bbox 224 2424 357 2456; x_wconf 85' lang='lat' dir='ltr'>actus</span> <span class='ocrx_word' id='word_1_229' title='bbox 393 2407 664 2472; x_wconf 81' lang='lat' dir='ltr'>sequendos</span> <span class='ocrx_word' id='word_1_230' title='bbox 702 2420 828 2453; x_wconf 84' lang='lat' dir='ltr'>recte</span> <span class='ocrx_word' id='word_1_231' title='bbox 870 2404 1185 2453; x_wconf 81' lang='lat' dir='ltr'>sentientibus</span> <span class='ocrx_word' id='word_1_232' title='bbox 1226 2418 1273 2450; x_wconf 85' lang='lat' dir='ltr'>et</span> <span class='ocrx_word' id='word_1_233' title='bbox 1317 2401 1625 2466; x_wconf 85' lang='lat' dir='ltr'>probandos:</span> 
     </span>
     <span class='ocr_line' id='line_1_34' title="bbox 225 2470 1628 2543; baseline -0.008 -17"><span class='ocrx_word' id='word_1_234' title='bbox 225 2497 337 2526; x_wconf 85' lang='lat' dir='ltr'>cum</span> <span class='ocrx_word' id='word_1_235' title='bbox 367 2478 544 2543; x_wconf 86' lang='lat' dir='ltr'>quibus</span> <span class='ocrx_word' id='word_1_236' title='bbox 569 2475 605 2523; x_wconf 84' lang='lat' dir='ltr'><strong>fi</strong></span> <span class='ocrx_word' id='word_1_237' title='bbox 641 2476 825 2541; x_wconf 87' lang='lat' dir='ltr'>reliqua</span> <span class='ocrx_word' id='word_1_238' title='bbox 857 2473 1182 2539; x_wconf 76' lang='lat' dir='ltr'>temperall&#39;et,</span> <span class='ocrx_word' id='word_1_239' title='bbox 1219 2474 1399 2522; x_wconf 79' lang='lat' dir='ltr'>vixerat</span> <span class='ocrx_word' id='word_1_240' title='bbox 1427 2486 1480 2519; x_wconf 90' lang='lat' dir='ltr'>ut</span> <span class='ocrx_word' id='word_1_241' title='bbox 1507 2470 1628 2517; x_wconf 86' lang='lat' dir='ltr'>Tra-</span> 
     </span>
    </p>

    <p class='ocr_par' dir='ltr' id='par_1_8' title="bbox 1488 2557 1627 2587">
     <span class='ocr_line' id='line_1_35' title="bbox 1488 2557 1627 2587; baseline -0.007 0"><span class='ocrx_word' id='word_1_242' title='bbox 1488 2557 1627 2587; x_wconf 74' lang='lat' dir='ltr'>ianus</span> 
     </span>
    </p>
   </div>
   <div class='ocr_carea' id='block_1_3' title="bbox 516 2629 786 2638">
    <p class='ocr_par' dir='ltr' id='par_1_9' title="bbox 516 2629 786 2638">
     <span class='ocr_line' id='line_1_36' title="bbox 516 2629 786 2638; baseline 0 0"><span class='ocrx_word' id='word_1_243' title='bbox 516 2629 786 2638; x_wconf 95' lang='lat' dir='ltr'> </span> 
     </span>
    </p>
   </div>
   <div class='ocr_carea' id='block_1_4' title="bbox 276 2723 1624 2778">
    <p class='ocr_par' dir='ltr' id='par_1_10' title="bbox 276 2723 1624 2778">
     <span class='ocr_line' id='line_1_37' title="bbox 276 2723 1624 2778; baseline -0.007 -11"><span class='ocrx_word' id='word_1_244' title='bbox 276 2735 313 2776; x_wconf 75' lang='lat'>(3)</span> <span class='ocrx_word' id='word_1_245' title='bbox 336 2732 400 2767; x_wconf 77' lang='grc' dir='ltr'>ΜΓ.</span> <span class='ocrx_word' id='word_1_246' title='bbox 430 2731 576 2766; x_wconf 79' lang='lat' dir='ltr'>livorem</span> <span class='ocrx_word' id='word_1_247' title='bbox 607 2729 833 2765; x_wconf 65' lang='lat' dir='ltr'>severitatem.</span> <span class='ocrx_word' id='word_1_248' title='bbox 886 2731 927 2777; x_wconf 74' lang='lat'>7)</span> <span class='ocrx_word' id='word_1_249' title='bbox 950 2728 1016 2765; x_wconf 73' lang='lat' dir='ltr'>Ms.</span> <span class='ocrx_word' id='word_1_250' title='bbox 1048 2726 1333 2778; x_wconf 75' lang='lat' dir='ltr'>supplicandum.</span> <span class='ocrx_word' id='word_1_251' title='bbox 1377 2727 1413 2773; x_wconf 80' lang='lat'>8)</span> <span class='ocrx_word' id='word_1_252' title='bbox 1441 2723 1508 2762; x_wconf 85' lang='lat' dir='ltr'>Ms.</span> <span class='ocrx_word' id='word_1_253' title='bbox 1540 2724 1624 2759; x_wconf 77' lang='lat' dir='ltr'>ima-</span> 
     </span>
    </p>
   </div>
   <div class='ocr_carea' id='block_1_5' title="bbox 231 2779 726 2815">
    <p class='ocr_par' dir='ltr' id='par_1_11' title="bbox 231 2779 726 2815">
     <span class='ocr_line' id='line_1_38' title="bbox 231 2779 726 2815; baseline 0 -3"><span class='ocrx_word' id='word_1_254' title='bbox 231 2788 359 2812; x_wconf 66' lang='lat' dir='ltr'>menta.</span> <span class='ocrx_word' id='word_1_255' title='bbox 420 2780 468 2815; x_wconf 72' lang='lat'>&#39;⁴¹:5-</span> <span class='ocrx_word' id='word_1_256' title='bbox 497 2779 570 2812; x_wconf 70' lang='lat' dir='ltr'>ima</span> <span class='ocrx_word' id='word_1_257' title='bbox 595 2788 726 2811; x_wconf 68' lang='lat' dir='ltr'>mente-</span> 
     </span>
    </p>
   </div>
  </div>
 </body>
</html>
