1727 3144
243 181 506 214 VALENT.
538 180 670 214 VAL.
700 179 774 212 ΕΤ
813 180 1102 215 GRAT1AN.
1173 169 1287 229 571.
1405 174 1502 220 515

94 291 260 340 oblato
278 292 479 339 thorace
503 291 658 356 polito
679 291 964 352 faberrime,
1000 293 1365 357 praemiumque
1385 295 1500 344 ideo

91 359 474 427 exspectantem,
517 379 570 408 ea
602 379 651 408 re
673 362 920 426 praecepit
941 362 976 426 ³)
998 354 1186 420 occidi,
1223 363 1358 425 quod
1382 384 1500 428 pon-

90 428 181 476 dus
213 431 376 494 paullo
409 431 569 477 minus
601 430 775 477 habuit
801 430 988 494 species
1016 431 1194 490 ferrea,
1242 448 1384 493 quarn
1416 434 1495 482 ille

86 500 128 563 ⁴)
160 499 407 546 formarat.
519 499 756 563 Epiroten
803 500 1015 564 aliquem
1066 498 1184 545 ritus
1240 498 1498 548 Christiani

85 569 423 632 presbyterum
448 603 715 614 ........
740 582 838 615 tam
863 568 1188 616 Octavianum
1215 584 1269 612 ex
1292 586 1498 630 procon—

84 634 186 683 sule
212 671 728 683 ...............
754 637 1042 683 offensarum
1062 649 1258 682 auctore
1277 635 1392 683 licet
1406 652 1498 685 tar-

87 703 196 752 dius
219 705 280 752 ad
302 705 380 752 sua
417 706 576 753 redire
606 704 847 769 permisto,
929 704 1298 752 Constantianus
1326 706 1497 754 strator
1516 716 1543 763 5

83 791 267 837 paucos
309 775 539 820 militares
583 790 734 836 equos
769 789 824 818 ex
862 771 939 818 his
982 772 1120 818 ausus
1162 786 1374 833 mutare,
1433 775 1495 823 ad

85 860 209 906 quos
236 841 516 905 probandos
555 840 715 887 missus
758 840 823 886 est
862 840 912 885 in
953 840 1257 901 Sardiniam,
1317 844 1493 893 eodem

82 908 282 957 iubente
310 910 531 974 lapidum
558 909 735 955 ictibus
766 909 956 972 oppetit
996 909 1197 955 crebris.
1279 911 1495 959 Athana-

81 976 177 1025 fius
195 979 475 1025 favorabilis
492 993 606 1025 tnnc
635 979 826 1041 auriga,
866 976 1112 1040 suspectus
1137 978 1180 1022 ei
1214 979 1394 1041 vulgari
1426 983 1493 1029 le.

81 1047 254 1108 vitate,
284 1062 338 1094 ut
362 1048 498 1095 vivus
519 1045 715 1093 incendi
739 1047 1011 1107 iuberetur,
1053 1045 1090 1091 fi
1123 1045 1245 1110 quid
1272 1048 1494 1099 tentass'et

79 1114 393 1164 huiusmodi:
455 1118 641 1180 [quem]
683 1132 782 1161 non
832 1116 986 1161 multo
1032 1114 1192 1177 postea
1244 1119 1492 1166 veneficiis

79 1183 221 1232 usum
269 1186 537 1245 ferebatur,
568 1184 699 1230 nulla
749 1182 904 1230 delata
958 1184 1264 1247 voluptatum
1316 1188 1490 1234 artifici

80 1254 246 1315 venia,
287 1255 483 1317 ignibus
513 1252 699 1299 aboleri
737 1267 1022 1316 praeceptus
1054 1253 1133 1300 εΗ..
1230 1252 1490 1304 Africanus
1511 1263 1542 1309 6

78 1323 330 1378 causarum
361 1323 411 1368 in
447 1322 568 1369 urbe
607 1320 831 1368 defensor
866 1320 1117 1381 adliduus,
1158 1321 1264 1385 post
1287 1323 1493 1371 admini-

77 1391 271 1438 stratam
303 1391 604 1456 provinciam
639 1389 701 1437 ad
737 1391 995 1454 regendam
1033 1393 1168 1439 aliam
1199 1390 1492 1453 adspiravit:

78 1460 217 1507 cuius
248 1459 550 1523 suffragatori
585 1458 810 1523 magistro
857 1459 1077 1523 equitum
1124 1458 1408 1508 Theodolio
1439 1461 1492 1508 id

78 1529 294 1593 petenti,
326 1528 585 1591 subagresti
610 1530 761 1575 verbo
784 1527 1122 1588 responderat:
1157 1530 1279 1585 Abi,
1310 1527 1488 1593 iuquit,

81 1600 273 1645 Comes:
300 1609 349 1644 et
365 1607 500 1644 mata
521 1600 567 1642 ei
586 1607 745 1660 caput,
776 1597 961 1659 qm'stbc‘
980 1592 1492 1659 ιηιιίανίρνόνίηοὶανη

77 1669 238 1730 capit:
269 1681 316 1715 et
336 1667 433 1715 hoc
458 1666 618 1729 elogio
644 1665 786 1729 periit
809 1665 960 1712 homo
982 1665 1211 1725 disertus,
1245 1669 1305 1712 ad
1332 1669 1490 1730 potio·-

80 1754 133 1782 ra
151 1735 404 1793 festinans,
438 1749 493 1782 ut
521 1736 676 1781 multi.
759 1734 1020 1782 Claudium
1049 1749 1094 1782 et
1124 1736 1403 1786 Sallustium
1436 1754 1491 1783 ex
1511 1749 1539 1794 7

78 1804 398 1852 Iovianorum
418 1822 622 1851 numero
640 1840 652 1864 ‚
688 1801 904 1868 adusque
933 1805 1205 1851 tribunatus
1231 1804 1489 1868 dignitates

77 1873 380 1937 progrefl'os,
427 1872 682 1920 accusabat
725 1872 925 1935 quidam
964 1873 1147 1920 vilitate
1185 1872 1285 1935 ipsa
1326 1871 1492 1936 despe-

78 1955 210 2003 ctus,
248 1942 410 2007 quod,
447 1960 559 1988 cum
590 1942 850 2005 imperium
884 1940 1156 2005 Procopius
1195 1940 1489 2002 adfectall'et,

79 2010 241 2075 aliqua
276 2028 363 2076 pro
395 2028 454 2074 eo
480 2010 675 2074 loquuti
720 2008 830 2056 sunt
867 2010 1012 2055 bona.
1081 2011 1329 2074 ‘Cumque
1364 2011 1489 2057 nihil

81 2079 380 2144 quaestiones
404 2078 670 2143 reperirent
703 2076 954 2137 adliduae3
992 2077 1218 2124 mandare
1253 2078 1484 2137 magistris

81 2147 301 2212 equitum
324 2147 630 2195 auditoribus
650 2145 880 2210 Princeps
896 2183 908 2207 ‚
939 2160 992 2192 ut
1010 2161 1204 2209 agerent
1227 2146 1486 2192 Claudium

80 2214 134 2264 in
186 2215 427 2278 exlilium‚
485 2230 532 2263 et
584 2215 861 2262 Sallustium
904 2215 1274 2280 pronuntiarent
1314 2215 1486 2290 capitis

81 2303 249 2343 reum,
290 2284 561 2349 pollicitus,
605 2283 738 2348 quod
771 2301 882 2330 cum
920 2284 1166 2330 revocabit
1203 2282 1264 2328 ad
1308 2282 1489 2345 suppli-

84 2355 216 2402 cium
244 2367 463 2419 raptum:
501 2353 693 2416 hocque
726 2353 816 2413 ita,
861 2366 915 2400 ut
946 2351 1167 2398 statutum
1206 2351 1294 2410 est,
1341 2351 1375 2414 ⁵)
1402 2351 1487 2396 ob-

83 2423 298 2484 servato,
352 2440 442 2470 nec
483 2420 733 2469 Sallustius
771 2436 927 2469 morte
972 2433 1217 2482 exemptus
1253 2419 1341 2478 est,
1399 2438 1487 2466 nec

86 2491 346 2555 Claudius,
383 2490 473 2538 nili
493 2489 597 2556 post
630 2490 844 2538 eiusdem
880 2488 1208 2537 Valentiniani
1239 2486 1276 2552 ⁶)
1300 2488 1491 2534 obitum

787 2559 950 2607 Kk2

135 2749 171 2792 3)
196 2746 263 2782 ΜΓ.
295 2747 415 2783 occidi
454 2746 497 2781 acl
528 2747 614 2794 ssi,
646 2745 756 2795 quod.
821 2752 855 2790 4)
885 2745 953 2777 Hic·
980 2741 1080 2780 locus
1109 2742 1145 2776 in
1169 2740 1237 2777 Ms.
1261 2738 1492 2790 ttanspofitu·

90 2791 150 2830 est.
202 2798 240 2841 5)
268 2794 335 2829 ΜΓ.
367 2795 634 2829 obvernatione.
690 2796 729 2838 6)
751 2790 819 2826 ΜΓ.
853 2792 987 2825 vitium.
