1727 3144
528 159 910 191 IULxANUs.
983 146 1098 191 565.
1393 150 1493 212 519

89 274 296 335 milibus,
328 290 353 321 e
381 270 558 337 quibus
581 288 734 336 pauca
755 269 866 317 sunt
896 267 1060 318 dictas
1092 287 1223 317 nunc
1243 270 1308 318 ad
1335 290 1498 321 rerum

88 341 313 391 ordinem
336 356 649 389 revertamur.

27 410 31 412 i
185 413 249 460 V.
284 410 498 458 Adscitis
527 410 884 458 Saracenorum
914 407 1128 469 auxiliis,
1168 424 1292 472 quae
1324 409 1494 455 animis
1519 434 1537 459 1

87 481 310 530 obtulere
354 479 744 545 promptissimis,
818 477 1022 526 tendens
1067 478 1342 542 Imperator
1382 478 1496 540 agili

85 549 264 613 gradu,
298 548 578 597 Cerealium
597 547 843 612 principio
866 546 1039 594 mensis
1059 546 1244 610 Aprilis
1263 545 1495 608 ingress'us

85 618 177 680 est,
241 619 599 666 munimentum
628 617 939 678 tutissimum,
999 630 1046 664 et
1075 616 1212 662 fabre
1254 614 1493 679 politum:

75 687 220 737 ,cuius
245 687 440 739 moenia
458 687 624 733 Abora
647 699 694 731 et
722 684 995 748 Euphrates
1025 684 1248 731 ambiunt
1277 684 1495 744 flumina,

83 757 216 802 velut
233 755 442 819 spatium
460 753 668 799 insulare
696 754 952 815 fingentes.
1046 753 1199 808 Quod
1229 753 1496 801 Diocletia-
1513 775 1542 802 2

80 842 169 870 nus
193 825 418 887 exiguum
451 821 656 868 antehac
683 834 730 868 et
749 819 1040 884 suspectum,
1071 821 1221 868 muris
1241 822 1494 868 turribus—

81 910 176 956 que
216 889 545 939 circumdedit
578 890 740 951 cellis,
794 903 909 937 cum
943 891 994 937 in
1026 889 1138 955 ipsis
1169 891 1493 938 harbarorum

79 960 339 1009 confiniis
328 960 584 1007 111te1i01es
608 959 787 1006 limites
811 972 865 1006 οι
871 959 1009 1007 dmm
1000 974 1087 1020 et
1117 961 1152 1024 ¹)
1173 978 1231 1007 ne
1252 977 1494 1022 vagaren-

78 1042 156 1075 tui
177 1047 264 1094 per
287 1029 478 1094 Syiiam
502 1027 696 1090 Persae,
733 1029 811 1075 ita
822 1042 876 1075 ut
899 1030 1063 1093 paucis
1088 1043 1200 1078 ante
1219 1029 1355 1075 annis
1377 1047 1490 1075 cum

75 1099 273 1161 magnis
283 1097 650 1163 provinciarum
670 1098 941 1161 contigeiat
966 1097 1171 1146 damnis.
1243 1096 1487 1161 Namque,
1510 1108 1538 1149 3

77 1185 190 1214 cum
227 1167 564 1216 Antiochiae
553 1186 619 1213 ln
636 1167 734 1214 alto
768 1166 984 1229 silentio,
1010 1167 1211 1215 scenicis
1234 1166 1362 1212 ludis
1385 1165 1488 1212 ini—

75 1254 184 1284 mus
213 1255 326 1284 cum
354 1254 506 1284 uxore
542 1235 802 1298 immiss‘us,
854 1250 881 1284 e
911 1236 1077 1284 medio
1119 1235 1307 1298 sumpta
1346 1252 1489 1299 quae-

77 1304 188 1351 dam
206 1306 495 1366 imitaretur,
527 1306 716 1369 populo
739 1305 983 1353 venustate
1001 1305 1226 1365 attonito,
1255 1303 1487 1366 coniunx,

77 1376 393 1436 ZVistsotmzus
411 1375 494 1434 est,
529 1373 706 1437 inquit,
741 1392 800 1420 en
818 1378 1018 1436 Petjsc'ze:
1056 1388 1102 1420 et
1129 1373 1321 1419 retortis
1348 1370 1487 1436 plebs

76 1441 303 1490 universa
340 1441 641 1503 cervicibus,
683 1444 1013 1490 exacervantia
1045 1443 1096 1488 in
1130 1440 1174 1488 se
1210 1443 1302 1488 tela
1341 1441 1488 1488 decli-

74 1528 194 1558 nans
215 1510 456 1575 spargitur
478 1509 660 1573 passim.
732 1512 804 1558 Ita
838 1512 1032 1559 civitate
1053 1510 1245 1557 incensa
1264 1547 1276 1570 ,
1323 1524 1371 1558 et
1401 1510 1488 1556 ob-

73 1580 307 1626 truncatis
335 1579 584 1643 pluribus,
619 1580 702 1641 qui
726 1581 857 1643 pacis
881 1598 1018 1626 more
1049 1579 1338 1643 palabantur
1371 1580 1488 1625 effu-

72 1647 198 1706 fius,
236 1646 539 1712 incensisque
571 1648 692 1694 locis
728 1648 948 1694 finitimis
981 1663 1028 1695 et
1066 1647 1278 1723 vastatis,
1328 1647 1486 1694 onusti

72 1716 254 1781 praeda
284 1717 444 1764 hostes
476 1715 539 1763 ad
563 1714 646 1762 sua
679 1731 955 1764 remearunt
983 1716 1195 1775 innoxii,
1252 1714 1485 1762 Mareade

74 1785 190 1834 vivo
218 1786 407 1846 exusto,
457 1784 543 1848 qui
574 1802 656 1832 eos
693 1786 755 1832 ad
787 1785 986 1832 suorum
1013 1785 1265 1833 interitum
1301 1784 1486 1832 civium

75 1853 276 1902 duxerat
294 1852 583 1902 inconsulte.
656 1854 718 1903 Et
748 1856 869 1903 haec
892 1854 1094 1919 quidem
1127 1853 1338 1902 Gallieni
1365 1868 1484 1901 tem-

70 1925 276 1988 poribus
300 1936 579 1971 evenerunt.

173 1993 391 2040 lulianus
426 2009 572 2051 vero,
617 1988 736 2037 dum
772 2006 990 2040 moratur
1017 1990 1150 2055 apud
1183 1991 1528 2052 Cercufium,4

73 2075 128 2108 ut
153 2079 239 2126 per
266 2061 487 2108 navalem
515 2061 710 2108 Aborae
739 2076 939 2124 pontem
973 2061 1208 2108 exercitus
1230 2075 1278 2108 et
1311 2078 1480 2108 omnes

71 2130 296 2194 sequelae
326 2130 611 2183 transirent:
656 2129 839 2177 litteras
876 2131 1029 2179 tristes
1062 2130 1272 2176 Sallustii
1301 2129 1480 2176 Gallia-

73 2218 179 2246 rum
205 2198 434 2262 praefecti
459 2197 690 2261 suscepit,
740 2202 919 2247 orantis
953 2198 1184 2263 suspendi
1213 2197 1483 2260 expeditio-

72 2285 185 2315 nem
215 2268 266 2313 in
299 2265 537 2326 Parthos,
604 2266 1010 2334 obtestantisque,
1072 2286 1130 2314 ne
1161 2268 1225 2312 ita
1244 2266 1480 2327 intempe-

72 2336 214 2396 silve,
268 2334 489 2381 nondum
523 2352 638 2398 pace
675 2337 932 2385 numinum
964 2350 1185 2392 exorata,
1240 2335 1479 2380 irrevoca-

71 2405 173 2452 bile
217 2403 400 2452 subiret
443 2404 658 2450 exitium.
746 2405 1030 2454 Posthabito
1083 2419 1240 2450 tamen
1288 2400 1524 2460 l'mtsore5

70 2473 370 2532 cautiffimo,
416 2471 646 2519 fidentius
680 2472 720 2538 ²)
752 2475 875 2522 ultra
920 2474 1174 2523 tendebat:
1243 2464 1478 2534 quoniam

72 2543 203 2589 nulla
233 2542 304 2589 vis
341 2541 554 2587 humana
587 2542 663 2588 vel
697 2543 847 2590 virtus
878 2541 1098 2591 ineruill'e
1124 2558 1358 2603 umquam
1388 2557 1473 2601 po-

76 2611 197 2668 tuit,
233 2624 304 2672 ut,
355 2609 490 2675 quod
520 2609 822 2675 praescriplit
849 2612 1007 2660 fatalis
1038 2608 1187 2669 ordo,
1228 2625 1326 2655 non
1368 2610 1466 2656 fiat.

125 2777 158 2820 r)
178 2773 240 2808 ΜΓ.
277 2773 529 2808 edocumento.
580 2775 617 2819 2)
640 2775 708 2811 ΜΓ.
737 2774 840 2810 ultro.
