1727 3144
205 103 300 146 ,ψ’-ἑο
425 115 693 147 „mmmm
737 115 1123 147 MARcssLme
1165 117 1326 160 xxvu,
1379 99 1422 147 4.

169 243 329 287 7guus
358 238 405 272 et
433 225 646 273 castelliS.
715 223 808 272 Per
842 224 1090 285 dextrum,
1135 223 1272 289 quod
1299 224 1498 272 australe
1528 224 1609 286 est,
1632 203 1633 206 Ἰ

208 295 334 340 latus
363 292 552 364 scopuli
582 280 848 341 tenduntur
879 292 1174 357 Rhodopes:
1214 293 1344 341 unde
1374 294 1413 358 ⁴)
1451 261 1611 340 Eouni

211 363 351 409 iubar
379 359 610 427 exim-git,
652 363 860 410 finitur
849 380 899 408 111
928 362 1137 409 fretum:
1185 362 1264 409 cui
1293 361 1522 410 undofius
1550 363 1610 408 ab

212 431 400 478 Euxino
437 447 589 495 ponto
617 431 829 488 labenti,
883 431 1202 495 pergentique
1237 432 1613 478 fluctibus⁸reci-

213 500 374 562 procis
409 500 471 547 ad
504 501 779 564 Aegaeum,
824 498 1083 546 discidium
1116 499 1344 563 panditur
1379 514 1613 549 terrarum

176 569 626 631 8-ingi1stu1u.Ex
645 570 821 634 angulo
842 583 1003 616 tamen
1026 568 1247 615 orientali
1279 567 1614 615 Macedonicis

213 637 428 700 iungitur
469 639 735 686 collimitiis
777 656 862 702 pei
897 651 1020 684 artas
1060 637 1446 714 praecipitesque
1497 636 1616 694 vias,

212 706 247 770 ⁵)
286 725 407 770 quae
448 707 855 771 cognominantui
900 704 1211 753 Acontisma:
1277 706 1357 754 cui
1398 705 1618 769 ploxima

212 774 454 822 Aiethusa
473 777 706 823 convallis
725 789 771 822 et
792 774 952 834 statio,
991 775 1039 820 in
1064 792 1156 837 qua
1183 774 1346 822 vilitur
1369 773 1619 838 Euripidis

211 841 486 906 sepulcrum
526 842 885 908 tragoediarum
924 811 1219 890 sublimitate
1251 842 1527 907 conspicui,
1573 856 1621 889 et

212 911 426 975 Stagira‚
465 913 552 959 ubi
580 912 916 970 Aristotelem,
960 924 1015 956 ut
1043 911 1235 958 Tullius
1265 912 1356 972 ait,
1417 911 1623 957 funden-

171 990 200 1034 9
218 994 308 1026 tem
332 998 530 1027 aureum
549 983 729 1026 flumen
747 1017 758 1039 ‚
795 978 1068 1041 accepimus
1089 994 1271 1027 natum.
1344 979 1480 1028 Haec
1504 997 1624 1044 quo-

214 1065 307 1111 qne
331 1047 495 1111 priscis
514 1047 818 1110 temporibus
839 1047 947 1092 loca
967 1047 1162 1093 barbari
1180 1061 1395 1108 tenuere,
1428 1065 1623 1095 morum

210 1115 590 1181 sermonumque
609 1116 838 1163 varietate
867 1113 1128 1162 dissimiles.
1199 1116 1239 1162 E
1261 1117 1454 1180 quibus,
1491 1135 1626 1181 prae-

214 1197 288 1230 ter
308 1185 452 1245 alios,
480 1199 536 1232 ut
561 1184 834 1232 immaniter
858 1183 1039 1231 efferati
1069 1182 1108 1249 ⁶)
1138 1183 1434 1232 timebantur
1465 1184 1626 1250 Odry-

211 1252 313 1313 sae,
354 1253 420 1300 ita
454 1254 725 1301 humanum
759 1252 965 1300 sundere
985 1251 1266 1318 sanguinem
1298 1252 1509 1314 adsueti,
1555 1267 1625 1314 ut,

216 1341 329 1367 cum
364 1321 575 1369 hostium
605 1323 749 1387 copia
776 1340 876 1370 non
912 1320 1135 1382 daretur,
1185 1321 1274 1387 ipfi
1304 1323 1430 1370 inter
1461 1322 1626 1386 epulas

214 1391 323 1454 post
349 1391 448 1437 cibi
476 1391 740 1439 satietatem
774 1406 822 1438 et
856 1405 1021 1456 potus
1060 1389 1156 1439 suis
1179 1392 1312 1439 velut
1335 1391 1501 1467 alienis
1523 1408 1632 1438 cor-

217 1459 454 1522 poiibus
444 1460 781 1524 imprimerent
803 1461 1000 1507 fenum.

152 1550 205 1580 10
302 1529 362 1576 V
366 1547 501 1575 cium
523 1543 662 1577 aucta
683 1547 731 1576 rc
754 1529 976 1594 publica,
1025 1526 1142 1576 dum
1165 1526 1416 1576 consulare
1445 1528 1630 1592 vigeret

219 1596 508 1661 imperium,
554 1597 641 1645 has
673 1612 838 1662 gentes
877 1596 1081 1644 antehac
1118 1595 1307 1662 semper
1345 1597 1629 1655 indomitas,

220 1680 541 1730 vagantesque
572 1666 670 1715 fine
700 1667 835 1714 cultu
860 1667 937 1715 vel
967 1666 1186 1729 legihu5‚
1221 1665 1416 1716 Marcus
1451 1666 1630 1714 Didius

220 1733 405 1796 ingenti
436 1733 754 1783 destinatione
782 1735 970 1800 ·preffit3
1004 1732 1191 1782 Drusus
1221 1734 1346 1797 intra
1366 1737 1487 1783 fines
1515 1752 1634 1782 con-

221 1801 368 1847 tinuit
398 1803 654 1866 propri083
698 1803 946 1852 Minucius
978 1821 1133 1868 prope
1166 1821 1358 1851 amnem
1389 1803 1632 1862 Hebrum,

226 1888 251 1915 a
282 1868 414 1915 cclfis
453 1870 750 1935 Odrysarum
791 1872 1040 1920 montibus
1074 1874 1331 1932 fluentem,
1382 1872 1632 1935 superatos

224 1937 415 2002 proelio
448 1937 638 1986 stravit:
687 1940 792 2003 post
825 1958 948 2003 quos
983 1938 1161 1986 residui
1191 1941 1252 1985 ab
1287 1941 1455 2002 Appio
1494 1941 1662 1988 Clau-·

229 2006 312 2052 dio
364 2004 653 2069 proconsule
699 2007 809 2053 sunt
856 2007 1023 2053 infesta
1062 2007 1425 2054 concertatione
1467 2006 1631 2055 deleti.

231 2073 430 2138 Oppida
461 2075 589 2121 enim
616 2076 667 2120 in
693 2075 916 2139 Bosporo
945 2074 1028 2120 fita
1058 2089 1105 2121 et
1134 2074 1437 2138 Propontide
1469 2075 1632 2124 elaffes

168 2143 485 2191 imminuere
517 2143 775 2190 Romanae.
857 2141 1077 2189 Advenit
1107 2143 1212 2206 post
1239 2143 1330 2189 hos
1371 2144 1634 2208 imperator

230 2212 490 2272 Lucullus,
531 2212 614 2276 qui
633 2231 744 2260 cum
764 2214 804 2271 ⁷)
828 2210 1068 2259 durissima
1088 2225 1228 2276 gente
1246 2211 1636 2261 Belsorum'con-

231 2280 354 2327 flixit
394 2280 613 2328 omnium
656 2281 860 2344 primus:
938 2279 1210 2345 eodemque
1249 2280 1437 2345 impetu
1474 2282 1637 2330 Aemi-

231 2363 487 2396 montanos
526 2350 697 2397 acriter
728 2349 987 2398 relistentes
1026 2349 1267 2414 oppreffit.
1341 2350 1453 2406 Quo
1476 2351 1635 2397 immi-

234 2433 395 2479 itt-nte,
414 2418 652 2467 Thraciae
675 2437 841 2466 omncs
866 2419 916 2466 in
937 2419 1174 2466 ditionem
1194 2432 1410 2467 veterum
1425 2419 1462 2485 Β)
1486 2434 1636 2469 tranS.

287 2580 330 2584 -...
340 2578 518 2585 ......-—--
531 2577 797 2585 ——-.--—.--—-....

277 2677 317 2718 AD
355 2676 421 2711 Ms.
468 2690 510 2709 Η)
550 2676 663 2711 iubar.
737 2679 773 2716 ,ΖΓ
806 2674 855 2708 al.
888 2688 958 2721 qua
993 2687 1156 2721 cognom.
1229 2677 1268 2720 6)
1301 2675 1351 2708 al.
1381 2684 1633 2711 memorantur.

233 2734 265 2767 τ’)
293 2722 361 2757 Ms,
389 2722 584 2760 durissima.
642 2728 678 2767 8)
705 2723 755 2756 al.
785 2722 988 2757 transivere.
