1727 3144
520 178 906 210 IULIANUS.
982 166 1099 214 562.
1404 170 1502 216 285

95 287 378 349 hostilibus,
419 285 640 335 stabilem
673 286 936 336 domiciliis
976 287 1143 337 sedem
1174 308 1412 354 nusquam
1436 311 1507 342 re-

96 357 362 420 perientes,
398 357 663 404 verticibus
688 359 932 405 montium
968 357 1186 407 insedere
1220 356 1407 423 semper
1438 364 1506 408 ui-

96 425 304 472 ‘valiumz
341 438 389 473 et
406 425 612 473 horrore
633 427 755 474 caeli
777 425 1006 488 districti,
1057 427 1112 492 ¹³)
1143 427 1326 474 victum
1360 429 1504 477 etiam

34 548 37 551 Γ
93 493 185 541 fibi
205 513 316 541 cum
341 495 570 558 periculis
596 510 732 560 rapto
762 513 932 560 parare
969 495 1231 544 adsuefacti
1261 495 1397 543 sunt:
1441 512 1507 544 at·-

95 580 193 627 que
230 581 288 611 eo
319 565 446 610 ultra
487 582 684 611 omnem
724 563 903 612 deinde
945 566 1181 613 ferociam
1218 564 1505 612 saevierunt.

95 633 257 695 Super
283 633 523 692 Cercetis‚
554 633 639 696 qui
658 632 834 681 iisdem
869 634 1042 682 adnexi
1070 635 1207 695 sunt,
1250 634 1376 682 nihil
1409 652 1509 682 me-

93 715 290 750 moratu
310 700 520 748 traditur
539 700 759 764 dignum.

194 769 422 826 Quorum
456 767 568 833 post
608 783 742 832 terga
785 769 1068 817 Cimmerici
1102 768 1284 832 agitant
1317 771 1506 819 incolae
1530 770 1583 811 2ss

92 837 334 900 Bospori,
396 837 483 890 ubi
522 836 736 885 Milesiae
770 836 1164 898 sunt-civitates,
1233 839 1508 905 harumque

95 907 230 954 velut
256 920 410 954 mater
441 906 663 954 omnium
691 906 1096 971 Panticapaeum:
1152 925 1299 971 quam
1320 911 1378 975 ¹⁴)
1403 928 1510 974 per-

94 975 284 1039 stringit
307 976 527 1041 Hypanis
547 976 741 1038 fluvius,
767 977 988 1040 genuinis
1011 976 1338 1025 intumescens
1370 979 1508 1043 aquis

92 1058 145 1090 et
176 1046 399 1092 externis.
496 1045 762 1093 Itineribus
802 1045 920 1093 hinc
957 1044 1190 1106 extensis,
1234 1047 1507 1095 Amazones
1526 1063 1586 1106 27

93 1112 311 1179 adusque
344 1112 573 1178 Caspium
602 1133 734 1163 mare
764 1129 1017 1179 porrectae
1039 1115 1398 1163 circumcolunt
1418 1117 1511 1163 Ta-

93 1183 234 1230 nain:
282 1184 370 1248 qui
400 1184 527 1231 inter
559 1184 808 1233 Caucasias
843 1184 1003 1232 oriens
1033 1202 1199 1247 rupes,
1237 1202 1324 1248 per
1351 1185 1509 1233 fiuuo-

92 1251 171 1299 sos
210 1253 392 1299 labitur
428 1253 801 1315 circumflexus,
834 1254 1108 1317 .Aliamque
1172 1252 1510 1301 disterminans

96 1321 158 1366 ab
180 1320 406 1385 Europa,
453 1321 505 1367 in
535 1321 709 1386 stagnis
743 1322 1002 1370 Maeoticis
1032 1320 1285 1368 delitescit.
1377 1323 1509 1370 Huic
1530 1325 1586 1367 28

96 1388 203 1435 Rha
226 1389 412 1436 vicinus
436 1389 502 1437 est
524 1391 674 1437 amnis
692 1428 704 1451 7
737 1392 787 1437 in
814 1391 950 1438 cuius
973 1390 1244 1453 superciliis
1271 1393 1510 1454 quaedam

95 1458 378 1521 vegetabilis
406 1457 627 1506 eiusdem
657 1460 869 1507 nominis
903 1460 1114 1523 gignitur
1147 1460 1307 1523 radix,
1361 1464 1512 1526 profi-

96 1526 230 1574 ciens
254 1527 315 1572 ad
336 1527 446 1573 usus
478 1528 773 1592 multiplices
799 1528 1115 1574 medelarum.

197 1594 333 1643 Ultra
367 1595 553 1642 Tanain
581 1595 864 1659 panduntur
898 1596 948 1641 in
977 1594 1287 1643 latitudinem
1332 1597 1510 1645 Sauro·
1532 1607 1587 1650 29

96 1678 280 1725 mame,
322 1682 409 1729 per
445 1681 570 1728 quos
610 1682 775 1712 amnes
816 1667 976 1711 ssuuut
1014 1665 1264 1728 perpetui,
1306 1666 1359 1729 ¹⁵)
1409 1666 1512 1713 Ma-

98 1751 293 1791 raccuS,
326 1747 373 1780 et
405 1732 722 1794 Rhombites,
766 1747 811 1780 et
848 1733 1207 1797 Theophanes,
1256 1748 1303 1781 et
1335 1734 1514 1782 Totor-

99 1802 263 1849 danes.
335 1802 477 1849 Licet
505 1801 597 1849 alia
626 1820 824 1867 quoque
856 1803 1032 1849 distans
1051 1802 1345 1850 immanibus
1369 1803 1517 1851 inter-

95 1872 233 1919 vallis
255 1872 655 1923 Sauromatarum
677 1871 1013 1935 praetenditur
1035 1872 1169 1919 natio
1187 1910 1200 1933 7
1235 1873 1392 1920 littori
1410 1874 1515 1919 iun-

95 1955 205 2000 cta,
249 1939 387 2005 quod
427 1940 666 1988 Coracem
705 1939 971 2006 suscipiens
1011 1941 1216 1989 fluvium
1241 1942 1293 1988 in
1328 1961 1513 2007 aequor

99 2023 274 2057 eiectat
300 2022 585 2056 extremum.

193 2077 356 2142 Prope
391 2078 524 2142 palus
557 2077 623 2127 est
654 2076 864 2127 Maeotis
899 2078 1173 2142 ampliffimi
1197 2079 1510 2143 circumgres-
1531 2086 1589 2129 50

96 2144 201 2194 sus:
232 2164 290 2194 ex
311 2149 449 2194 cuius
477 2147 739 2195 uberrimis
774 2148 908 2195 venis
941 2166 1027 2212 per
1050 2148 1243 2195 Patares
1275 2150 1510 2213 angustias

98 2215 343 2262 undarum
371 2216 655 2278 magnitudo
689 2217 965 2281 prorumpit
993 2217 1043 2263 in
1080 2217 1321 2265 Pontum:
1374 2219 1511 2265 cuius

98 2284 152 2330 in
177 2283 345 2333 dextro
379 2284 527 2331 latere
558 2284 740 2332 insulae
767 2284 873 2333 sunt
897 2285 1214 2351 Phanagorus
1238 2301 1284 2333 et
1307 2287 1514 2334 Hermo-

99 2352 252 2417 nassa,
289 2351 448 2399 studio
475 2353 771 2404 constructae
804 2356 1126 2402 Graecorum.
1222 2355 1363 2402 Circa
1393 2355 1514 2403 haec
1535 2360 1586 2403 31

101 2421 259 2486 stagna
282 2421 454 2468 ultima
477 2422 749 2490 extimaque
769 2425 931 2488 plures
959 2424 1181 2470 habitant
1202 2437 1383 2486 gentes,
1420 2424 1517 2472 scr-

101 2509 307 2538 monum
337 2490 765 2556 institutorumque
792 2493 1021 2540 varietate
1053 2492 1329 2554 dispariles:
1369 2492 1424 2558 ¹⁶)
1446 2495 1516 2542 Ia-

101 2574 319 2607 xamatae
350 2573 398 2608 et
431 2559 684 2622 Maeotae,
729 2576 776 2610 et
818 2563 1040 2628 Iazyge5‚
1102 2561 1436 2628 Roxolanique
1469 2579 1517 2613 et

474 2681 579 2690 n———..

156 2738 211 2787 ¹3)
244 2747 288 2783 τὰ
326 2751 440 2781 eciam
478 2744 575 2780 deest
610 2745 704 2792 vulg.
768 2748 824 2793 14)
857 2745 925 2782 ΜΓ.
965 2748 1310 2797 pergaegytiphanis.
1363 2752 1418 2797 15)
1446 2749 1515 2786 ΜΓ,

109 2790 325 2825 Μεῑειςςὶιιε.
382 2793 438 2838 ι6)
466 2791 535 2828 Ms-
562 2794 752 2828 Ixomatae.
