1727 3144
141 146 238 197 580
380 147 653 188 AMMlANl
694 152 1091 184 MARCELL131
1126 153 1268 198 xxxi,
1303 139 1348 184 6.

140 280 341 332 repente
376 266 597 331 perlatis,
644 263 823 328 quibus
852 260 1055 309 transire
1090 261 1196 308 iuffi
1228 260 1339 308 sunt
1368 262 1419 308 iu
1438 260 1556 310 Hel-

139 338 444 401 lespontum,
482 335 740 393 viaticum,
772 332 967 391 cibum,
1004 329 1242 395 biduique
1268 330 1554 393 dilationem

141 407 294 454 tribui
323 405 412 453 fibi
444 402 541 451 fine
573 417 766 449 tumore
798 400 1077 465 poscebant.
1167 399 1320 456 Quod
1345 401 1555 447 civitatis

140 475 440 540 magistratus
465 473 622 520 ferens
648 470 848 534 indigne
872 467 1199 534 (succensebat
1220 470 1348 517 enim
1377 468 1552 516 iisdem

143 546 208 592 ob
244 562 345 591 reni
378 543 512 589 suam
548 541 598 587 in
627 538 917 587 suburbanis
951 541 986 604 ¹)
1008 538 1251 603 vastatam)
1283 538 1433 585 imam
1455 539 1555 602 ple-

142 614 256 661 bem
276 629 475 659 omnem
495 629 606 658 cum
627 606 1010 668 Fabriceufibus,
1041 626 1254 672 quorum
1273 605 1373 654 illic
1394 608 1554 671 ampla

144 683 209 730 est
235 679 528 742 multitudo,
580 678 872 743 productam
918 677 969 724 iu
1012 694 1183 725 eorum
1223 677 1427 723 armavit
1458 676 1558 723 'exi-

143 752 294 798 tium:
335 749 565 813 iuffisque
601 747 834 795 bellicum
867 764 1041 793 canere
1070 745 1321 806 buccinis,
1373 746 1423 792 ui
1455 745 1557 801 abi-

143 834 251 867 rent
285 820 451 876 ocius,
493 832 547 864 ut
577 817 804 864 statutum
838 814 926 875 est,
973 814 1186 878 pericula
1218 815 1446 861 omnibus
1472 814 1559 860 ini-

101 890 350 939 3nabatur
385 901 612 933 extrema.
692 884 808 938 Quo
845 884 975 928 malo
1007 897 1198 946 praeter
1228 881 1363 946 spem
1399 882 1556 930 Gothi

142 955 375 1021 pereulfi,
433 967 481 1000 et
514 951 711 999 concito
746 969 891 1014 quarn
924 950 1230 997 considerato
1262 951 1441 998 civium
1474 951 1556 997 ad-

140 1025 270 1073 sultu
304 1021 573 1087 perterriti,
624 1019 859 1066 steterunt
899 1016 1206 1064 immobiles:
1260 1019 1557 1085 laceratique

142 1092 204 1140 ad
226 1093 454 1139 ultimum
483 1089 800 1137 detestatione
825 1101 970 1152 atque
1002 1086 1263 1147 conviciis,
1307 1103 1355 1135 et
1384 1090 1558 1137 tentati

141 1161 387 1210 miffilium
420 1160 629 1207 iactibus
675 1157 826 1216 raris,
879 1154 943 1202 ad
982 1155 1310 1204 defectionem
1351 1175 1555 1221 erupere

143 1229 432 1279 confeffam:
465 1242 514 1276 et
551 1226 696 1276 caelis
727 1225 977 1290 plurimis,
1020 1243 1144 1290 quos
1174 1225 1384 1289 impetus
1419 1227 1558 1275 dece.

143 1314 282 1366 perat
305 1297 628 1363 petulantior,
677 1296 717 1360 2)
739 1293 1010 1358 aversisque
1038 1293 1237 1342 residuis
1271 1309 1318 1342 et
1346 1297 1559 1346 telorum

145 1369 377 1416 varietate
404 1367 637 1426 confixis,
676 1364 853 1412 habitu
882 1364 976 1410 iani
993 1364 1215 1410 Romano
1239 1364 1567 1413 cadaveribus-

144 1436 363 1503 spoliatis
384 1436 578 1497 armati,
615 1433 717 1483 viso
748 1433 952 1498 propius
981 1433 1255 1497 Fritigerno
1295 1434 1559 1483 iunxerunt

144 1507 180 1571 ³)
203 1507 352 1555 semet
368 1520 422 1553 ut
445 1505 677 1569 morigeri
697 1502 847 1561 socii,
891 1502 1164 1567 urbemque
1197 1503 1407 1549 clausam
1439 1503 1563 1551 obfi-

145 1576 426 1624 dioualibus
450 1574 694 1623 aerumnis
715 1573 969 1636 urgebant.
1054 1572 1112 1619 In
1146 1590 1242 1636 qua
1274 1571 1559 1632 difficuitate

146 1645 330 1692 diutius
361 1643 532 1709 postu,
579 1642 744 1708 pallini
772 1656 819 1690 et
853 1639 1129 1706 promiscue
1167 1642 1396 1689 ruebant:
1443 1643 1561 1690 emi-

144 1732 363 1778 nensque
400 1715 678 1778 aliquorum
708 1710 909 1758 audacia
945 1711 1135 1775 peribat
1168 1710 1350 1771 inulta,
1397 1712 1559 1758 multi-

150 1801 245 1847 que
279 1782 461 1847 sagittis
493 1797 540 1830 et
569 1781 736 1829 rotatis
773 1799 861 1845 per
897 1780 1073 1826 fundas
1110 1779 1358 1843 lapidibus
1393 1780 1559 1827 interi·
1591 1834 1595 1837 ,

111 1845 282 1899 4hant.
368 1851 510 1912 Tunc
541 1852 836 1915 Fritigernus
867 1849 1036 1896 frustra
1073 1868 1185 1896 euni
1225 1863 1299 1896 tot
1335 1848 1560 1896 cladibus

151 1920 402 1967 colluctari
434 1921 660 1967 homines
691 1921 886 1982 ignaros
915 1917 1173 1966 obfidendi
1205 1919 1560 1982 contemplans,

151 1988 317 2035 relicta
346 1987 418 2032 ibi
449 2006 597 2035 manu
625 1987 919 2046 sufficiente,
974 1987 1108 2034 abire
1149 1987 1347 2048 negotio
1382 1987 1561 2050 imper-

150 2057 280 2105 fecto
303 2054 469 2115 suafit,
515 2059 692 2103 Pacem
707 2056 808 2114 sthi
839 2057 924 2118 effe
952 2073 1059 2100 cum
1079 2056 1354 2116 parietibus
1378 2073 1564 2102 memo-

153 2142 288 2183 rans,
334 2122 661 2189 suadensque,
700 2137 752 2169 ut
784 2124 1086 2187 populandas
1126 2124 1312 2186 opimas
1338 2124 1560 2187 regiones

154 2208 201 2241 et
219 2196 392 2240 uberes
415 2194 599 2258 absque
631 2192 909 2239 discrimine
934 2193 1063 2252 ullo,
1108 2210 1281 2238 vacuas
1311 2192 1557 2256 praefidiis
1592 2205 1594 2209 ⁴

116 2263 406 2311 setiamtum
456 2262 777 2310 adorirentur.
868 2260 1095 2309 Laudato
1154 2261 1277 2325 regis
1338 2261 1558 2324 confirm,

155 2350 299 2397 quem
342 2332 667 2395 cogitatorum
712 2344 882 2378 norant
919 2332 1026 2378 fore
1063 2330 1249 2377 socium
1295 2331 1558 2392 efficacem,

154 2418 242 2465 per
278 2400 602 2448 Thraciarum
629 2402 749 2448 latus
779 2418 922 2448 omne
955 2398 1154 2464 dispersi
1190 2413 1328 2446 caute
1372 2399 1561 2463 gradie-

153 2470 358 2530 bantur2
395 2469 639 2517 dediticiis
675 2470 751 2517 vel
771 2469 983 2533 captivis
1012 2470 1145 2516 vicos
1187 2470 1361 2516 uberes
1402 2483 1561 2516 osten-

157 2537 409 2600 dentibus,
441 2556 523 2586 eos
547 2538 833 2604 praecipue,
871 2539 956 2584 ubi
978 2539 1322 2586 alimentorum
1355 2537 1559 2601 reperiri

205 2727 237 2766 ι’)
274 2724 338 2760 Ms.
378 2736 411 2759 et
445 2725 567 2771 Steph.
606 2724 772 2761 vastatam
807 2727 901 2761 inam
945 2726 1099 2773 plebem.
1156 2727 1202 2764 ἵσ.
1234 2725 1316 2762 vast.
1346 2727 1452 2760 imam
1477 2724 1554 2774 ple-

154 2770 245 2804 bem.
299 2774 340 2817 2)
367 2773 417 2805 al.
449 2770 684 2819 adverfisqucn
750 2775 792 2821 Ξ)
822 2774 887 2808 Ml'.
917 2774 1024 2808 semet
1056 2801 1062 2807 .
1097 2800 1106 2808 .
1135 2801 1140 2808 .
1172 2784 1217 2809 ut.
