1727 3144
205 143 304 202 396
467 158 733 191 Animum
768 160 1166 195 mancianum
1198 161 1324 206 xxv,
1365 165 1410 208 9.

160 295 178 320 1
276 267 392 315 -IX.
425 267 664 316 Postridie
691 267 904 328 Bineses,
943 287 1067 316 unus
1092 287 1148 316 ex
1167 269 1336 328 Perfis,
1373 288 1519 335 quem
1539 271 1611 319 in-

201 349 276 383 ter
298 337 421 384 alios
441 338 671 385 excellere
695 337 904 385 diximus
918 375 930 398 ,
970 337 1196 385 mandata
1215 339 1338 404 regis
1359 340 1609 404 complere

195 404 449 464 festinans,
479 406 704 470 promissa
727 408 974 470 flagitabat
1001 407 1254 455 instanter:
1301 422 1348 456 et
1379 408 1610 473 Principe

199 475 510 538 permittente
530 476 751 523 Romano
772 475 1020 524 civitatem
1039 476 1287 541 ingressus,
1323 477 1476 541 gentis
1497 476 1615 527 suae*

201 542 386 607 signum
419 545 480 590 ab
502 563 610 592 arce
635 545 832 606 extulit,
876 548 908 610 ¹)
931 544 1364 610 submigrationem
1400 564 1426 593 e
1455 547 1611 611 patria

151 628 182 659 2
202 612 389 660 civibus
417 613 644 661 nuntians
670 613 955 662 luctuosam.
1037 615 1099 662 Et
1131 629 1318 663 vertere
1346 613 1504 663 solum
1535 633 1613 663 ex-

199 683 386 746 templo
408 700 577 730 omnes
598 683 871 747 praecepti,
910 702 1080 731 manus
1111 682 1367 732 tendentes
1391 685 1615 746 orabant,

198 768 259 797 ne
281 751 617 816 imponeretur
635 751 725 799 libi
745 751 990 799 neceffitas
1014 752 1335 814 abscedendi,
1365 752 1427 801 ad
1449 752 1616 801 defen-

203 817 392 868 dendos
425 836 622 885 penates
654 819 701 871 se
731 820 861 868 solos
891 819 1109 868 sufficere
1138 821 1236 869 [ine
1268 823 1510 869 alimentis
1533 841 1617 886 pu-

195 887 340 935 blicis
369 890 680 937 adfiimantes
713 904 761 937 et
790 889 969 950 milite,
1017 888 1121 937 satis
1141 889 1313 937 confisi
1334 889 1613 938 adfuturam

197 956 429 1004 iustitiam
465 975 556 1021 pro
585 957 783 1019 genitali
813 956 925 1004 sede
957 957 1290 1020 dimicaturis,
1332 973 1387 1006 ut
1425 959 1614 1024 experti

194 1025 305 1071 sunt
339 1023 496 1089 saepe.
579 1025 705 1084 2>Et
732 1025 853 1073 haec
877 1025 1076 1090 quidem
1098 1026 1381 1091 suppliciter
1406 1029 1531 1075 ordo
1565 1042 1614 1076 et

194 1094 408 1157 populus
428 1088 748 1158 piecabatur:
795 1092 882 1141 sed
917 1094 1072 1141 ventis
1104 1095 1433 1158 loquebantur
1464 1097 1615 1144 incas-

195 1160 325 1223 sum,
359 1162 665 1226 Imperatme
684 1198 699 1219 ‚
724 1176 796 1209 ut
823 1162 1038 1226 fingebat
1059 1163 1149 1210 alia
1169 1179 1416 1226 metuens,
1452 1167 1614 1230 peiiu-

148 1236 177 1280 5
198 1231 257 1277 iii
280 1230 476 1294 piacula
500 1231 790 1278 declinante.
865 1231 997 1279 Tum
1019 1232 1229 1279 Sabinus
1253 1234 1447 1280 sottuna
1470 1249 1517 1281 et
1537 1253 1615 1299 ge-

195 1317 311 1347 neie
329 1300 457 1348 intel
479 1301 753 1365 municipes
777 1288 950 1360 clarus,
988 1319 1070 1348 oie
1093 1302 1300 1349 volubili
1328 1303 1610 1381 replicabat,

197 1368 574 1417 Constantium
563 1369 763 1415 immani
793 1368 1109 1417 ciudescente
1141 1371 1387 1419 belloium
1412 1373 1612 1431 materia

194 1436 475 1502 superatum
497 1458 523 1485 a
543 1438 697 1485 Perfis
717 1437 964 1486 interdum
980 1476 992 1499 ,
1036 1438 1404 1506 deductumque
1436 1441 1616 1505 postre-

197 1525 280 1554 mo
305 1525 393 1571 per
413 1508 579 1571 fugam
598 1527 712 1554 cum
736 1508 900 1571 paucis
924 1507 986 1555 ad
1010 1508 1232 1556 Hibitam
1264 1509 1518 1557 stationem
1544 1510 1614 1557 in-

194 1589 375 1637 tutam,
432 1578 570 1641 panis
600 1576 750 1623 husto
782 1576 943 1625 vixisse
987 1578 1235 1641 piecario,
1282 1579 1343 1625 ab
1375 1597 1469 1625 anu
1498 1597 1613 1643 qua-

199 1644 310 1691 dam
343 1645 512 1708 agresti
540 1646 960 1709 poiiecto,nil1il
995 1662 1158 1694 tamen
1187 1646 1250 1694 ad
1283 1647 1414 1694 diem
1451 1646 1615 1725 peidi-

198 1711 314 1759 dilse
334 1713 642 1792 supiemum:
682 1728 730 1761 et
757 1715 1017 1762 Iovianum
1048 1716 1175 1762 inter
1205 1716 1403 1764 exordia
1436 1716 1616 1780 princi-

194 1796 336 1845 patus
378 1783 739 1846 piovinciaium
783 1802 924 1831 muro
961 1784 1162 1845 cessisse,
1219 1785 1254 1849 ³)
1289 1785 1427 1832 cuius
1468 1785 1612 1833 obice

150 1849 179 1903 4
198 1852 295 1898 iam
325 1850 442 1898 inde
462 1870 486 1897 a
508 1852 739 1900 vetustate
760 1852 985 1901 innoxiae
1008 1853 1389 1917 permanserunt.
1469 1855 1614 1901 Cum-

198 1937 293 1983 que
335 1919 461 1966 nihil
498 1935 895 1982 promoveretur,
967 1921 1283 1970 iurisiurandi
1323 1919 1611 1983 religionem

195 1988 424 2053 Principe
459 1987 739 2036 destinatius
769 1989 1141 2051 praetendente:
1181 2008 1295 2036 cum
1325 1990 1540 2037 oblatam
1565 1990 1611 2038 ei

196 2074 432 2104 coronam
471 2055 774 2121 aliquamdiu
828 2055 1071 2118 recusans,
1148 2072 1344 2105 coactus
1394 2059 1609 2123 denique

194 2123 497 2189 suscepisset,
553 2125 784 2172 Silvanus
832 2124 1033 2189 quidam
1076 2125 1327 2174 causarum
1382 2126 1608 2175 defensor

195 2194 525 2242 confidentius
547 2194 588 2257 ⁴)
610 2194 903 2241 exclamavit.
985 2197 1094 2252 Ita,
1131 2195 1317 2260 inquit,
1366 2199 1610 2259 Impera—

195 2274 288 2324 tor,
321 2283 355 2310 a
376 2263 648 2311 civitatibus
667 2264 865 2323 residuis
883 2266 1141 2311 coroneris.
1224 2265 1338 2321 Quo
1358 2266 1510 2313 verbo
1534 2283 1611 2312 ex-

198 2331 440 2395 asperatus
454 2370 466 2394 ,
501 2332 624 2379 intra
645 2331 862 2379 triduum
883 2350 1050 2381 omnes
1073 2332 1199 2380 iuffit
1220 2332 1451 2381 excedere
1476 2352 1609 2382 moe-

199 2403 340 2449 nibus
355 2439 366 2461 ,
401 2400 688 2449 detestantes
710 2418 870 2449 rerum
894 2401 1216 2465 praesent-ium
1237 2402 1424 2448 statum.

150 2461 178 2505 5
297 2470 549 2535 Adpofitis
568 2471 732 2535 itaque
755 2469 1174 2535 compulsoribus,
1207 2485 1433 2528 mortem,
1462 2469 1496 2516 fi
1521 2470 1606 2534 qni

202 2537 479 2587 distulerint
516 2539 707 2604 egredi,
746 2539 1110 2598 minitantibus,
1149 2539 1340 2587 moenia
1382 2539 1606 2603 permista

254 2727 287 2769 ι)
315 2725 788 2773 Ms.lubmigxa1ione.2)
817 2726 885 2762 Ml.
912 2738 944 2761 et
970 2727 1072 2762 haec.
1129 2729 1168 2774 3)
1199 2727 1439 2774 I1clg.cuius
1467 2724 1603 2762 οὶήἱΙΤκ

205 2772 394 2815 [01le
425 2772 644 2807 exclamavit.
