1727 3144
197 150 221 165 Γ..

194 150 292 193 028
423 162 700 196 ammam
736 162 1134 210 mAncELmni
1168 163 1314 205 xxm,
1353 148 1398 194 6.

129 271 299 331 19Iicis
327 272 648 336 permittatur.
732 270 885 336 Apud
930 272 1188 334 Asbamaei
1229 289 1429 337 quoque
1466 269 1599 320 Iovis

194 342 432 405 templum
452 343 502 387 in
525 340 860 405 Cappadocia,
900 340 986 387 ubi
1007 340 1318 404 ampliffimus
1339 343 1420 389 ille
1442 341 1603 406 philo-

194 409 375 474 sophus
408 411 703 473 Apollonius
738 409 943 456 traditur
985 423 1122 456 natus
1161 428 1314 474 prope
1361 410 1601 475 oppidum

198 479 389 544 Tyana,
436 479 596 543 stagno
627 481 822 527 effluens
852 478 961 525 fons
983 479 1223 539 cernitur,
1261 479 1346 543 qui
1366 482 1604 543 magnitu-

198 547 310 594 dine
343 567 576 612 aquarum
618 549 836 608 inflatus,
887 546 1083 612 seseque
1129 546 1408 610 resorbens,
1465 567 1625 603 num->t

199 635 343 680 quam
364 633 494 664 extra
522 617 756 681 margines
778 615 1069 663 intumescit.

123 710 182 739 20
295 687 426 733 Intra
450 687 580 733 hunc
598 687 855 733 circuitum
874 685 1131 733 Adiabena
1150 685 1240 745 est,
1287 685 1473 751 Ass'yria
1508 685 1605 751 pri-

172 754 292 801 'scis'
313 757 617 819 temporibus
646 756 884 811 vocitata,
922 756 1162 817 longaque
1194 752 1511 802 adsuetudine
1542 753 1605 801 ad

193 824 290 870 hoc
322 825 547 870 tianslata
580 825 872 871 vocabulum
902 841 956 871 ea
992 840 1066 882 re,
1111 821 1246 886 quod
1283 823 1408 869 inter
1439 823 1602 870 Onam

195 906 241 938 et
263 893 516 954 Tigiidem
541 892 623 938 lita
642 910 838 956 naviget
843 910 894 939 os
915 892 1115 949 fluvios,
1146 889 1271 937 adiri
1307 890 1433 938 vado
1464 911 1604 938 num-

195 979 339 1024 quam
364 961 547 1024 potuit:
579 964 791 1006 transire
812 961 942 1008 enim
961 955 1210 1015 διαβαίνειν
1233 959 1439 1007 dicimus
1454 962 1606 1008 Grae-

120 1047 172 1074 21
194 1030 264 1075 ci:
300 1044 345 1075 et
367 1043 547 1077 veteres
572 1029 772 1093 quidem
793 1029 890 1075 hoc
909 1029 1217 1075 ar.bitrantur
1307 1029 1412 1076 Nos
1440 1043 1604 1076 autem

197 1098 248 1142 id
280 1097 512 1157 dicimus,
556 1095 735 1160 quod
725 1115 773 1142 m
798 1095 874 1143 his
896 1097 1038 1143 tetris
1058 1115 1221 1144 amnes
1243 1096 1352 1144 sunt
1374 1098 1472 1144 duo
1500 1116 1606 1162 per-

196 1165 356 1229 petui,
388 1182 510 1229 quos
537 1179 584 1211 et
605 1164 941 1225 transivimus,
972 1165 1153 1212 Diabas
1175 1179 1222 1212 et
1243 1165 1475 1227 Adiabas,
1500 1169 1606 1212 iuu-

196 1234 262 1279 oti
296 1234 545 1281 navalibus
586 1233 846 1297 pontibus:
894 1232 1107 1297 ideoque
1149 1233 1354 1297 intelligi
1394 1235 1606 1282 Adiabe-

197 1321 306 1348 nam
329 1303 748 1366 cognominatam,
777 1317 832 1349 ut
853 1322 879 1350 a
907 1303 1190 1349 fluminibus
1212 1302 1433 1349 maximis
1454 1303 1609 1368 Aegy-

197 1385 335 1435 ptus,
384 1371 606 1419 Homero
641 1385 866 1432 auctore,
912 1385 960 1419 et
990 1370 1160 1431 India,
1195 1383 1242 1417 et
1262 1370 1607 1435 Euphratenfis

200 1455 309 1487 ante
330 1439 424 1486 hae
447 1441 800 1504 Commagena:
848 1438 1118 1505 itidemque
1139 1439 1345 1487 Hiberia
1375 1458 1431 1486 ex
1459 1441 1610 1487 Hibe-

202 1526 282 1569 ro,
328 1526 456 1555 nunc
487 1509 720 1574 Hispania
739 1546 751 1571 ,
786 1523 832 1557 et
855 1528 880 1556 a
901 1510 1038 1559 Baeti
1061 1527 1199 1556 amne
1222 1508 1395 1574 infigni
1415 1509 1612 1573 provin·

201 1577 274 1623 eia
291 1578 502 1625 Baetica.

127 1658 182 1685 22
300 1647 359 1695 In
383 1646 474 1692 hac
504 1644 763 1693 Adiabena
792 1645 950 1694 Ninus
986 1646 1053 1695 est
1082 1645 1282 1708 civitas,
1325 1662 1449 1710 quae
1491 1645 1610 1692 olim

202 1713 408 1760 Perlidis
440 1733 582 1778 regna
607 1714 908 1778 possedei·at‚
945 1732 1125 1762 nomen
1161 1714 1305 1774 Nini,
1349 1713 1611 1778 potentissi-

201 1783 269 1828 nii
304 1781 550 1845 quondam
585 1783 735 1844 regis,
782 1783 1118 1831 Semiramidis
1150 1783 1312 1830 mariti
1344 1782 1608 1842 declarans,

201 1865 247 1897 et
266 1850 538 1907 Ecbatana,
573 1865 619 1897 et
644 1853 854 1910 Arbela,
885 1867 932 1899 et
954 1853 1270 1916 Gaugamela,
1297 1852 1384 1897 ubi
1404 1851 1611 1898 Darium

199 1919 469 1967 Alexander
497 1919 600 1981 post
621 1918 900 1967 discrimina
920 1922 1050 1968 varia
1071 1922 1375 1985 proeliorum
1405 1919 1608 1972 incitato

201 1988 360 2035 'Marte
380 1987 648 2063 prostravit.

130 2063 183 2105 23
296 2056 355 2102 In
389 2058 522 2103 omni
553 2069 714 2101 autem
738 2053 928 2120 ΑΠ’)νὶα
952 2054 1131 2100 multae
1153 2053 1263 2100 sunt
1282 2055 1451 2102 urbes.
1483 2055 1610 2102 inter

202 2142 318 2189 quas
346 2124 553 2188 Apamia
585 2122 765 2169 eminet
790 2122 986 2169 Melene
1020 2123 1360 2185 cognominata
1378 2160 1390 2184 ,
1443 2137 1489 2170 et
1517 2124 1610 2172 Te-

204 2192 383 2253 redon,
416 2207 462 2240 et
488 2186 779 2254 Apollonia,
825 2204 872 2237 ct
894 2190 1191 2253 Vologessia,
1228 2191 1402 2256 hisque
1433 2192 1608 2241 fimiles

203 2262 397 2308 multae
476 2257 897 2324 Splendidissimae
935 2277 1050 2306 veno
1084 2273 1131 2306 et
1164 2261 1473 2324 pervulgitae
1514 2261 1606 2309 hae

201 2331 326 2377 solae
360 2329 470 2376 sunt
498 2343 618 2375 tres:
670 2327 914 2393 Babylon,
961 2328 1098 2375 cuius
1127 2329 1319 2376 moenia
1365 2330 1606 2377 bitumine

201 2398 479 2445 Semiramis
518 2395 684 2446 struxit
728 2398 915 2460 (arcem
955 2398 1085 2444 enim
1135 2396 1485 2461 antiquissinius
1528 2415 1609 2447 rex

201 2466 427 2514 condidit
478 2466 654 2529 Belus)
705 2480 752 2512 et
799 2465 1088 2530 Ctefiphon,
1155 2484 1299 2530 qnam
1352 2465 1606 2514 Vardanes

203 2535 369 2599 priscis
396 2535 700 2598 temporibus
720 2534 946 2594 instituit,
991 2535 1251 2599 posteaque
1281 2551 1361 2580 rex
1392 2533 1606 2580 Pacorus

202 2604 470 2652 incolarum
492 2604 675 2654 viribus
702 2603 1040 2667 amplificatam
1063 2617 1111 2650 et
1134 2603 1413 2662 moenibus,
1457 2605 1607 2649 Grae-

201 2688 261 2717 co
290 2671 445 2717 indito
478 2671 674 2718 nomine
706 2670 940 2732 Perfidis,
997 2671 1155 2719 effecit
1198 2670 1437 2735 specimen
1484 2670 1607 2716 sum-

203 2758 368 2787 mum:
400 2739 648 2803 posthanc
677 2740 926 2803 Seleucia,
971 2740 1282 2787 ambitiosum
1312 2758 1433 2806 opus
1465 2739 1606 2786 Rica-
