<?xml version="1.0" encoding="UTF-8"?>
<!DOCTYPE html PUBLIC "-//W3C//DTD XHTML 1.0 Transitional//EN"
    "http://www.w3.org/TR/xhtml1/DTD/xhtml1-transitional.dtd">
<html xmlns="http://www.w3.org/1999/xhtml" xml:lang="en" lang="en">
 <head>
  <title>
</title>
<meta http-equiv="Content-Type" content="text/html;charset=utf-8" />
  <meta name='ocr-system' content='tesseract 3.04.00' />
  <meta name='ocr-capabilities' content='ocr_page ocr_carea ocr_par ocr_line ocrx_word'/>
</head>
<body>
  <div class='ocr_page' id='page_1' title='image "ammianimarcellin01ammiuoft_0706.png"; bbox 0 0 1727 3144; ppageno 0'>
   <div class='ocr_carea' id='block_1_1' title="bbox 233 182 1444 239">
    <p class='ocr_par' dir='ltr' id='par_1_1' title="bbox 233 182 1444 239">
     <span class='ocr_line' id='line_1_1' title="bbox 233 182 1444 239; baseline -0.005 -13"><span class='ocrx_word' id='word_1_1' title='bbox 233 182 333 226; x_wconf 80' lang='lat'>500</span> <span class='ocrx_word' id='word_1_2' title='bbox 472 192 742 224; x_wconf 56' lang='lat' dir='ltr'>„mmmmm</span> <span class='ocrx_word' id='word_1_3' title='bbox 779 192 1174 224; x_wconf 80' lang='lat' dir='ltr'><strong>MARCELLINI</strong></span> <span class='ocrx_word' id='word_1_4' title='bbox 1210 193 1352 239; x_wconf 79' lang='lat' dir='ltr'>xxix,</span> <span class='ocrx_word' id='word_1_5' title='bbox 1403 194 1444 222; x_wconf 89' lang='lat'>1.</span> 
     </span>
    </p>
   </div>
   <div class='ocr_carea' id='block_1_2' title="bbox 160 301 1645 2705">
    <p class='ocr_par' dir='ltr' id='par_1_2' title="bbox 160 301 1645 2705">
     <span class='ocr_line' id='line_1_2' title="bbox 233 301 1640 380; baseline -0.003 -29"><span class='ocrx_word' id='word_1_6' title='bbox 233 302 365 351; x_wconf 83' lang='lat' dir='ltr'>sum:</span> <span class='ocrx_word' id='word_1_7' title='bbox 421 302 683 350; x_wconf 82' lang='lat' dir='ltr'>adfirmans</span> <span class='ocrx_word' id='word_1_8' title='bbox 725 301 995 355; x_wconf 79' lang='lat' dir='ltr'>Fidustium</span> <span class='ocrx_word' id='word_1_9' title='bbox 1021 301 1385 380; x_wconf 76' lang='lat' dir='ltr'>praesidialem,</span> <span class='ocrx_word' id='word_1_10' title='bbox 1453 315 1500 349; x_wconf 83' lang='lat' dir='ltr'>et</span> <span class='ocrx_word' id='word_1_11' title='bbox 1527 318 1640 348; x_wconf 87' lang='lat' dir='ltr'>cum</span> 
     </span>
     <span class='ocr_line' id='line_1_3' title="bbox 234 370 1642 436; baseline -0.004 -17"><span class='ocrx_word' id='word_1_12' title='bbox 234 373 440 420; x_wconf 82' lang='lat' dir='ltr'>Irenaeo</span> <span class='ocrx_word' id='word_1_13' title='bbox 471 371 781 436; x_wconf 82' lang='lat' dir='ltr'>Pergamium</span> <span class='ocrx_word' id='word_1_14' title='bbox 810 388 990 418; x_wconf 87' lang='lat' dir='ltr'>nomen</span> <span class='ocrx_word' id='word_1_15' title='bbox 1019 371 1303 435; x_wconf 78' lang='lat' dir='ltr'>imper-atmi</span> <span class='ocrx_word' id='word_1_16' title='bbox 1326 372 1435 435; x_wconf 82' lang='lat' dir='ltr'>post</span> <span class='ocrx_word' id='word_1_17' title='bbox 1463 370 1642 418; x_wconf 86' lang='lat' dir='ltr'>Valen-</span> 
     </span>
     <span class='ocr_line' id='line_1_4' title="bbox 196 437 1641 504; baseline -0.003 -15"><span class='ocrx_word' id='word_1_18' title='bbox 196 454 345 497; x_wconf 85' lang='lat' dir='ltr'>7tem</span> <span class='ocrx_word' id='word_1_19' title='bbox 364 441 651 489; x_wconf 81' lang='lat' dir='ltr'>detestandis</span> <span class='ocrx_word' id='word_1_20' title='bbox 697 437 949 504; x_wconf 71' lang='lat' dir='ltr'>praesagiis</span> <span class='ocrx_word' id='word_1_21' title='bbox 989 440 1208 488; x_wconf 80' lang='lat' dir='ltr'>didiciffe</span> <span class='ocrx_word' id='word_1_22' title='bbox 1250 438 1513 493; x_wconf 59' lang='grc' dir='ltr'><strong>[66161111ιῇ</strong></span> <span class='ocrx_word' id='word_1_23' title='bbox 1576 438 1641 485; x_wconf 81' lang='lat' dir='ltr'>Et</span> 
     </span>
     <span class='ocr_line' id='line_1_5' title="bbox 231 507 1641 575; baseline -0.003 -17"><span class='ocrx_word' id='word_1_24' title='bbox 231 524 484 575; x_wconf 66' lang='lat' dir='ltr'>correptus</span> <span class='ocrx_word' id='word_1_25' title='bbox 507 509 750 556; x_wconf 76' lang='lat' dir='ltr'>Fidustius</span> <span class='ocrx_word' id='word_1_26' title='bbox 772 509 906 556; x_wconf 84' lang='lat' dir='ltr'>illico</span> <span class='ocrx_word' id='word_1_27' title='bbox 934 510 1165 573; x_wconf 86' lang='lat' dir='ltr'>(namque</span> <span class='ocrx_word' id='word_1_28' title='bbox 1189 507 1357 556; x_wconf 84' lang='lat' dir='ltr'>aderat</span> <span class='ocrx_word' id='word_1_29' title='bbox 1384 509 1532 572; x_wconf 77' lang='lat' dir='ltr'>forte)</span> <span class='ocrx_word' id='word_1_30' title='bbox 1561 514 1641 554; x_wconf 81' lang='lat' dir='ltr'>oc-</span> 
     </span>
     <span class='ocr_line' id='line_1_6' title="bbox 232 576 1639 643; baseline -0.004 -17"><span class='ocrx_word' id='word_1_31' title='bbox 232 579 459 643; x_wconf 84' lang='lat' dir='ltr'>culteque</span> <span class='ocrx_word' id='word_1_32' title='bbox 493 577 752 639; x_wconf 78' lang='lat' dir='ltr'>inductus,</span> <span class='ocrx_word' id='word_1_33' title='bbox 794 577 895 626; x_wconf 86' lang='lat' dir='ltr'>viso</span> <span class='ocrx_word' id='word_1_34' title='bbox 935 578 1127 639; x_wconf 78' lang='lat' dir='ltr'>indice,</span> <span class='ocrx_word' id='word_1_35' title='bbox 1179 579 1312 626; x_wconf 89' lang='lat' dir='ltr'>nulla</span> <span class='ocrx_word' id='word_1_36' title='bbox 1347 576 1639 625; x_wconf 82' lang='lat' dir='ltr'>infitiatione</span> 
     </span>
     <span class='ocr_line' id='line_1_7' title="bbox 234 645 1641 712; baseline -0.003 -18"><span class='ocrx_word' id='word_1_37' title='bbox 234 649 527 695; x_wconf 79' lang='lat' dir='ltr'>obumbrare</span> <span class='ocrx_word' id='word_1_38' title='bbox 549 648 643 695; x_wconf 86' lang='lat' dir='ltr'>iam</span> <span class='ocrx_word' id='word_1_39' title='bbox 666 648 910 712; x_wconf 82' lang='lat' dir='ltr'>publicata</span> <span class='ocrx_word' id='word_1_40' title='bbox 936 662 1154 709; x_wconf 84' lang='lat' dir='ltr'>conatus,</span> <span class='ocrx_word' id='word_1_41' title='bbox 1181 648 1251 694; x_wconf 88' lang='lat' dir='ltr'>rei</span> <span class='ocrx_word' id='word_1_42' title='bbox 1276 648 1426 694; x_wconf 86' lang='lat' dir='ltr'>totius</span> <span class='ocrx_word' id='word_1_43' title='bbox 1447 645 1641 693; x_wconf 85' lang='lat' dir='ltr'>calami-</span> 
     </span>
     <span class='ocr_line' id='line_1_8' title="bbox 230 715 1639 781; baseline -0.001 -18"><span class='ocrx_word' id='word_1_44' title='bbox 230 716 389 764; x_wconf 83' lang='lat' dir='ltr'>tosum</span> <span class='ocrx_word' id='word_1_45' title='bbox 428 717 583 781; x_wconf 82' lang='lat' dir='ltr'>aperit</span> <span class='ocrx_word' id='word_1_46' title='bbox 622 730 830 763; x_wconf 84' lang='lat' dir='ltr'>textum:</span> <span class='ocrx_word' id='word_1_47' title='bbox 877 715 1094 764; x_wconf 88' lang='lat' dir='ltr'>absolute</span> <span class='ocrx_word' id='word_1_48' title='bbox 1126 715 1391 777; x_wconf 83' lang='lat' dir='ltr'>confeffus,</span> <span class='ocrx_word' id='word_1_49' title='bbox 1443 715 1492 763; x_wconf 86' lang='lat' dir='ltr'>se</span> <span class='ocrx_word' id='word_1_50' title='bbox 1524 732 1639 761; x_wconf 83' lang='lat' dir='ltr'>cum</span> 
     </span>
     <span class='ocr_line' id='line_1_9' title="bbox 230 783 1642 863; baseline -0.002 -32"><span class='ocrx_word' id='word_1_51' title='bbox 230 784 424 840; x_wconf 82' lang='lat' dir='ltr'>Hilario</span> <span class='ocrx_word' id='word_1_52' title='bbox 459 800 505 833; x_wconf 91' lang='lat' dir='ltr'>et</span> <span class='ocrx_word' id='word_1_53' title='bbox 532 785 742 832; x_wconf 85' lang='lat' dir='ltr'>Patricio</span> <span class='ocrx_word' id='word_1_54' title='bbox 765 784 1065 831; x_wconf 82' lang='lat' dir='ltr'>vaticinandi</span> <span class='ocrx_word' id='word_1_55' title='bbox 1085 785 1280 863; x_wconf 68' lang='lat' dir='ltr'>peritis3</span> <span class='ocrx_word' id='word_1_56' title='bbox 1315 803 1528 850; x_wconf 88' lang='lat' dir='ltr'>quorum</span> <span class='ocrx_word' id='word_1_57' title='bbox 1552 783 1642 829; x_wconf 61' lang='lat' dir='ltr'>Hia</span> 
     </span>
     <span class='ocr_line' id='line_1_10' title="bbox 226 851 1640 917; baseline -0.002 -17"><span class='ocrx_word' id='word_1_58' title='bbox 226 854 376 901; x_wconf 75' lang='lat' dir='ltr'>laiius</span> <span class='ocrx_word' id='word_1_59' title='bbox 398 854 720 901; x_wconf 79' lang='lat' dir='ltr'>militaveiat</span> <span class='ocrx_word' id='word_1_60' title='bbox 708 873 759 900; x_wconf 87' lang='grc'>111</span> <span class='ocrx_word' id='word_1_61' title='bbox 781 855 983 916; x_wconf 81' lang='lat' dir='ltr'>palatio,</span> <span class='ocrx_word' id='word_1_62' title='bbox 1016 853 1076 901; x_wconf 86' lang='lat' dir='ltr'>de</span> <span class='ocrx_word' id='word_1_63' title='bbox 1108 854 1318 917; x_wconf 89' lang='lat' dir='ltr'>imperio</span> <span class='ocrx_word' id='word_1_64' title='bbox 1349 851 1640 900; x_wconf 82' lang='lat' dir='ltr'>consuluiffe</span> 
     </span>
     <span class='ocr_line' id='line_1_11' title="bbox 226 920 1640 986; baseline -0.003 -16"><span class='ocrx_word' id='word_1_65' title='bbox 226 923 421 970; x_wconf 87' lang='lat' dir='ltr'>futuro:</span> <span class='ocrx_word' id='word_1_66' title='bbox 458 937 710 986; x_wconf 86' lang='lat' dir='ltr'>motasque</span> <span class='ocrx_word' id='word_1_67' title='bbox 740 920 934 968; x_wconf 89' lang='lat' dir='ltr'>secretis</span> <span class='ocrx_word' id='word_1_68' title='bbox 968 922 1151 968; x_wconf 89' lang='lat' dir='ltr'>artibus</span> <span class='ocrx_word' id='word_1_69' title='bbox 1182 921 1332 969; x_wconf 73' lang='lat' dir='ltr'>sortes</span> <span class='ocrx_word' id='word_1_70' title='bbox 1368 936 1415 968; x_wconf 89' lang='lat' dir='ltr'>et</span> <span class='ocrx_word' id='word_1_71' title='bbox 1454 938 1640 967; x_wconf 85' lang='lat' dir='ltr'>nuncu-</span> 
     </span>
     <span class='ocr_line' id='line_1_12' title="bbox 226 989 1639 1055; baseline -0.001 -17.993"><span class='ocrx_word' id='word_1_72' title='bbox 226 991 477 1055; x_wconf 88' lang='lat' dir='ltr'>pationem</span> <span class='ocrx_word' id='word_1_73' title='bbox 507 989 748 1053; x_wconf 84' lang='lat' dir='ltr'>Principis</span> <span class='ocrx_word' id='word_1_74' title='bbox 780 990 980 1052; x_wconf 79' lang='lat' dir='ltr'>optimi,</span> <span class='ocrx_word' id='word_1_75' title='bbox 1039 1003 1087 1037; x_wconf 92' lang='lat' dir='ltr'>et</span> <span class='ocrx_word' id='word_1_76' title='bbox 1125 989 1238 1054; x_wconf 88' lang='lat' dir='ltr'>ipfis</span> <span class='ocrx_word' id='word_1_77' title='bbox 1277 989 1639 1037; x_wconf 83' lang='lat' dir='ltr'>consultoribus</span> 
     </span>
     <span class='ocr_line' id='line_1_13' title="bbox 190 1057 1642 1122; baseline -0.005 -13"><span class='ocrx_word' id='word_1_78' title='bbox 190 1057 473 1109; x_wconf 73' lang='lat' dir='ltr'>Sluctuosos</span> <span class='ocrx_word' id='word_1_79' title='bbox 505 1058 658 1106; x_wconf 80' lang='lat' dir='ltr'>exitus</span> <span class='ocrx_word' id='word_1_80' title='bbox 687 1057 985 1122; x_wconf 71' lang='lat' dir='ltr'>praedixisse.</span> <span class='ocrx_word' id='word_1_81' title='bbox 1074 1057 1242 1122; x_wconf 85' lang='lat' dir='ltr'>Atque</span> <span class='ocrx_word' id='word_1_82' title='bbox 1280 1059 1642 1115; x_wconf 76' lang='lat' dir='ltr'>cunctantibus,</span> 
     </span>
     <span class='ocr_line' id='line_1_14' title="bbox 229 1126 1641 1193; baseline 0 -21"><span class='ocrx_word' id='word_1_83' title='bbox 229 1127 451 1190; x_wconf 84' lang='lat' dir='ltr'>quisnam</span> <span class='ocrx_word' id='word_1_84' title='bbox 480 1145 533 1174; x_wconf 86' lang='lat' dir='ltr'>ea</span> <span class='ocrx_word' id='word_1_85' title='bbox 558 1126 838 1193; x_wconf 84' lang='lat' dir='ltr'>tempestate</span> <span class='ocrx_word' id='word_1_86' title='bbox 875 1126 1104 1174; x_wconf 85' lang='lat' dir='ltr'>omnibus</span> <span class='ocrx_word' id='word_1_87' title='bbox 1138 1128 1305 1191; x_wconf 82' lang='lat' dir='ltr'>vigore</span> <span class='ocrx_word' id='word_1_88' title='bbox 1339 1127 1489 1175; x_wconf 87' lang='lat' dir='ltr'>animi</span> <span class='ocrx_word' id='word_1_89' title='bbox 1517 1126 1641 1174; x_wconf 86' lang='lat' dir='ltr'>anti-</span> 
     </span>
     <span class='ocr_line' id='line_1_15' title="bbox 226 1194 1640 1259; baseline -0.001 -15"><span class='ocrx_word' id='word_1_90' title='bbox 226 1196 397 1259; x_wconf 78' lang='lat' dir='ltr'>staret,</span> <span class='ocrx_word' id='word_1_91' title='bbox 436 1195 562 1244; x_wconf 85' lang='lat' dir='ltr'>visus</span> <span class='ocrx_word' id='word_1_92' title='bbox 593 1196 658 1243; x_wconf 84' lang='lat' dir='ltr'>est</span> <span class='ocrx_word' id='word_1_93' title='bbox 687 1197 791 1243; x_wconf 88' lang='lat' dir='ltr'>aliis</span> <span class='ocrx_word' id='word_1_94' title='bbox 824 1197 1059 1244; x_wconf 81' lang='lat' dir='ltr'>excellere</span> <span class='ocrx_word' id='word_1_95' title='bbox 1089 1195 1417 1254; x_wconf 80' lang='lat' dir='ltr'>Theodorus,</span> <span class='ocrx_word' id='word_1_96' title='bbox 1472 1194 1640 1244; x_wconf 85' lang='lat' dir='ltr'>secun-</span> 
     </span>
     <span class='ocr_line' id='line_1_16' title="bbox 230 1263 1642 1329; baseline -0.001 -17"><span class='ocrx_word' id='word_1_97' title='bbox 230 1264 350 1312; x_wconf 89' lang='lat' dir='ltr'>dum</span> <span class='ocrx_word' id='word_1_98' title='bbox 380 1266 506 1313; x_wconf 88' lang='lat' dir='ltr'>inter</span> <span class='ocrx_word' id='word_1_99' title='bbox 537 1265 751 1313; x_wconf 81' lang='lat' dir='ltr'>notarios</span> <span class='ocrx_word' id='word_1_100' title='bbox 785 1264 989 1329; x_wconf 83' lang='lat' dir='ltr'>adeptus</span> <span class='ocrx_word' id='word_1_101' title='bbox 1020 1266 1118 1313; x_wconf 89' lang='lat' dir='ltr'>iam</span> <span class='ocrx_word' id='word_1_102' title='bbox 1149 1263 1370 1329; x_wconf 81' lang='lat' dir='ltr'>gradum.</span> <span class='ocrx_word' id='word_1_103' title='bbox 1451 1264 1516 1312; x_wconf 91' lang='lat' dir='ltr'>Et</span> <span class='ocrx_word' id='word_1_104' title='bbox 1537 1277 1642 1312; x_wconf 74' lang='lat' dir='ltr'>erat.</span> 
     </span>
     <span class='ocr_line' id='line_1_17' title="bbox 228 1333 1640 1399; baseline -0.001 -18"><span class='ocrx_word' id='word_1_105' title='bbox 228 1351 394 1382; x_wconf 86' lang='lat' dir='ltr'>revera</span> <span class='ocrx_word' id='word_1_106' title='bbox 427 1334 519 1395; x_wconf 84' lang='lat' dir='ltr'>ita,</span> <span class='ocrx_word' id='word_1_107' title='bbox 568 1348 624 1381; x_wconf 91' lang='lat' dir='ltr'>ut</span> <span class='ocrx_word' id='word_1_108' title='bbox 663 1335 851 1398; x_wconf 84' lang='lat' dir='ltr'>opinati</span> <span class='ocrx_word' id='word_1_109' title='bbox 893 1333 1017 1382; x_wconf 85' lang='lat' dir='ltr'>sunt.</span> <span class='ocrx_word' id='word_1_110' title='bbox 1106 1334 1334 1399; x_wconf 83' lang='lat' dir='ltr'>Namque</span> <span class='ocrx_word' id='word_1_111' title='bbox 1371 1333 1640 1399; x_wconf 85' lang='lat' dir='ltr'>antiquitus</span> 
     </span>
     <span class='ocr_line' id='line_1_18' title="bbox 226 1401 1639 1466; baseline 0 -17"><span class='ocrx_word' id='word_1_112' title='bbox 226 1404 357 1450; x_wconf 83' lang='lat' dir='ltr'>claro</span> <span class='ocrx_word' id='word_1_113' title='bbox 380 1420 553 1466; x_wconf 82' lang='lat' dir='ltr'>genere</span> <span class='ocrx_word' id='word_1_114' title='bbox 575 1403 625 1449; x_wconf 87' lang='lat' dir='ltr'>iu</span> <span class='ocrx_word' id='word_1_115' title='bbox 648 1403 818 1450; x_wconf 81' lang='lat' dir='ltr'>Galliis</span> <span class='ocrx_word' id='word_1_116' title='bbox 839 1418 1004 1464; x_wconf 85' lang='lat' dir='ltr'>natus,</span> <span class='ocrx_word' id='word_1_117' title='bbox 1046 1418 1094 1451; x_wconf 88' lang='lat' dir='ltr'>et</span> <span class='ocrx_word' id='word_1_118' title='bbox 1112 1403 1379 1451; x_wconf 75' lang='lat' dir='ltr'>liberaliter</span> <span class='ocrx_word' id='word_1_119' title='bbox 1403 1401 1639 1450; x_wconf 83' lang='lat' dir='ltr'>educatus</span> 
     </span>
     <span class='ocr_line' id='line_1_19' title="bbox 229 1470 1641 1537; baseline -0.001 -19"><span class='ocrx_word' id='word_1_120' title='bbox 229 1491 254 1518; x_wconf 92' lang='lat' dir='ltr'>a</span> <span class='ocrx_word' id='word_1_121' title='bbox 276 1472 446 1536; x_wconf 87' lang='lat' dir='ltr'>primis</span> <span class='ocrx_word' id='word_1_122' title='bbox 464 1471 700 1536; x_wconf 83' lang='lat' dir='ltr'>pueritiae</span> <span class='ocrx_word' id='word_1_123' title='bbox 722 1471 1010 1520; x_wconf 83' lang='lat' dir='ltr'>rudimentis</span> <span class='ocrx_word' id='word_1_124' title='bbox 1024 1511 1036 1535; x_wconf 90' lang='lat'>,</span> <span class='ocrx_word' id='word_1_125' title='bbox 1070 1472 1306 1520; x_wconf 81' lang='lat' dir='ltr'>modestia</span> <span class='ocrx_word' id='word_1_126' title='bbox 1321 1510 1333 1534; x_wconf 83' lang='lat'>‚</span> <span class='ocrx_word' id='word_1_127' title='bbox 1360 1470 1641 1537; x_wconf 82' lang='lat' dir='ltr'>prudentia,</span> 
     </span>
     <span class='ocr_line' id='line_1_20' title="bbox 226 1539 1642 1605; baseline -0.001 -18"><span class='ocrx_word' id='word_1_128' title='bbox 226 1539 552 1601; x_wconf 83' lang='lat' dir='ltr'>humanitate,</span> <span class='ocrx_word' id='word_1_129' title='bbox 604 1541 777 1604; x_wconf 78' lang='lat' dir='ltr'>gratia,</span> <span class='ocrx_word' id='word_1_130' title='bbox 829 1541 1003 1589; x_wconf 86' lang='lat' dir='ltr'>litteris</span> <span class='ocrx_word' id='word_1_131' title='bbox 1054 1541 1403 1603; x_wconf 80' lang='lat' dir='ltr'>ornatissimus‚</span> <span class='ocrx_word' id='word_1_132' title='bbox 1447 1539 1642 1605; x_wconf 78' lang='lat' dir='ltr'>semper</span> 
     </span>
     <span class='ocr_line' id='line_1_21' title="bbox 229 1608 1642 1674; baseline -0.001 -18"><span class='ocrx_word' id='word_1_133' title='bbox 229 1610 394 1657; x_wconf 87' lang='lat' dir='ltr'>officio</span> <span class='ocrx_word' id='word_1_134' title='bbox 427 1610 662 1673; x_wconf 83' lang='lat' dir='ltr'>locoque,</span> <span class='ocrx_word' id='word_1_135' title='bbox 705 1628 852 1674; x_wconf 88' lang='lat' dir='ltr'>quem</span> <span class='ocrx_word' id='word_1_136' title='bbox 884 1612 1149 1668; x_wconf 84' lang='lat' dir='ltr'>retinebat,</span> <span class='ocrx_word' id='word_1_137' title='bbox 1195 1609 1417 1674; x_wconf 79' lang='lat' dir='ltr'>superior</span> <span class='ocrx_word' id='word_1_138' title='bbox 1441 1608 1642 1656; x_wconf 83' lang='lat' dir='ltr'>videba-</span> 
     </span>
     <span class='ocr_line' id='line_1_22' title="bbox 231 1677 1644 1755; baseline 0.001 -31"><span class='ocrx_word' id='word_1_139' title='bbox 231 1692 331 1738; x_wconf 83' lang='lat' dir='ltr'>tur,</span> <span class='ocrx_word' id='word_1_140' title='bbox 368 1678 475 1725; x_wconf 84' lang='lat' dir='ltr'>altis</span> <span class='ocrx_word' id='word_1_141' title='bbox 504 1677 874 1755; x_wconf 81' lang='lat' dir='ltr'>humilibusque</span> <span class='ocrx_word' id='word_1_142' title='bbox 904 1680 1037 1727; x_wconf 85' lang='lat' dir='ltr'>iuxta</span> <span class='ocrx_word' id='word_1_143' title='bbox 1066 1694 1310 1744; x_wconf 85' lang='lat' dir='ltr'>acceptus</span> <span class='ocrx_word' id='word_1_144' title='bbox 1391 1678 1644 1742; x_wconf 76' lang='lat' dir='ltr'>Solusque</span> 
     </span>
     <span class='ocr_line' id='line_1_23' title="bbox 226 1746 1643 1814; baseline 0.001 -22"><span class='ocrx_word' id='word_1_145' title='bbox 226 1764 380 1810; x_wconf 84' lang='lat' dir='ltr'>paene</span> <span class='ocrx_word' id='word_1_146' title='bbox 411 1746 633 1795; x_wconf 85' lang='lat' dir='ltr'>omnium</span> <span class='ocrx_word' id='word_1_147' title='bbox 666 1763 792 1807; x_wconf 75' lang='lat' dir='ltr'>erat,</span> <span class='ocrx_word' id='word_1_148' title='bbox 838 1748 976 1796; x_wconf 88' lang='lat' dir='ltr'>cuius</span> <span class='ocrx_word' id='word_1_149' title='bbox 1004 1749 1221 1814; x_wconf 83' lang='lat' dir='ltr'>linguam</span> <span class='ocrx_word' id='word_1_150' title='bbox 1259 1766 1360 1796; x_wconf 90' lang='lat' dir='ltr'>non</span> <span class='ocrx_word' id='word_1_151' title='bbox 1396 1747 1643 1794; x_wconf 86' lang='lat' dir='ltr'>infrenem</span> 
     </span>
     <span class='ocr_line' id='line_1_24' title="bbox 227 1813 1645 1884; baseline 0.001 -24"><span class='ocrx_word' id='word_1_152' title='bbox 227 1813 314 1861; x_wconf 87' lang='lat' dir='ltr'>sed</span> <span class='ocrx_word' id='word_1_153' title='bbox 340 1814 706 1879; x_wconf 76' lang='lat' dir='ltr'>dispicientem,</span> <span class='ocrx_word' id='word_1_154' title='bbox 741 1836 866 1882; x_wconf 84' lang='lat' dir='ltr'>quae</span> <span class='ocrx_word' id='word_1_155' title='bbox 887 1819 1198 1884; x_wconf 78' lang='lat' dir='ltr'>loqueretur,</span> <span class='ocrx_word' id='word_1_156' title='bbox 1234 1817 1412 1863; x_wconf 84' lang='lat' dir='ltr'>nullius</span> <span class='ocrx_word' id='word_1_157' title='bbox 1444 1814 1645 1863; x_wconf 80' lang='lat' dir='ltr'>claude-</span> 
     </span>
     <span class='ocr_line' id='line_1_25' title="bbox 188 1883 1641 1946; baseline 0.001 -18"><span class='ocrx_word' id='word_1_158' title='bbox 188 1883 316 1939; x_wconf 82' lang='lat' dir='ltr'>9bat</span> <span class='ocrx_word' id='word_1_159' title='bbox 343 1885 550 1946; x_wconf 87' lang='lat' dir='ltr'>periculi</span> <span class='ocrx_word' id='word_1_160' title='bbox 581 1899 753 1932; x_wconf 88' lang='lat' dir='ltr'>metus.</span> <span class='ocrx_word' id='word_1_161' title='bbox 846 1886 938 1933; x_wconf 88' lang='lat' dir='ltr'>His</span> <span class='ocrx_word' id='word_1_162' title='bbox 969 1886 1180 1935; x_wconf 84' lang='lat' dir='ltr'>addebat</span> <span class='ocrx_word' id='word_1_163' title='bbox 1210 1886 1344 1934; x_wconf 85' lang='lat' dir='ltr'>idem</span> <span class='ocrx_word' id='word_1_164' title='bbox 1378 1884 1641 1943; x_wconf 81' lang='lat' dir='ltr'>Fidustius,</span> 
     </span>
     <span class='ocr_line' id='line_1_26' title="bbox 230 1951 1643 2017; baseline 0.001 -18"><span class='ocrx_word' id='word_1_165' title='bbox 230 1951 638 1999; x_wconf 81' lang='lat' dir='ltr'>excarnificatus</span> <span class='ocrx_word' id='word_1_166' title='bbox 627 1971 721 1998; x_wconf 78' lang='lat' dir='ltr'>iam</span> <span class='ocrx_word' id='word_1_167' title='bbox 747 1953 811 1999; x_wconf 83' lang='lat' dir='ltr'>ad</span> <span class='ocrx_word' id='word_1_168' title='bbox 842 1955 1121 2017; x_wconf 79' lang='lat' dir='ltr'>interitum,</span> <span class='ocrx_word' id='word_1_169' title='bbox 1169 1955 1333 2002; x_wconf 84' lang='lat' dir='ltr'>omnia</span> <span class='ocrx_word' id='word_1_170' title='bbox 1358 1970 1482 2017; x_wconf 87' lang='lat' dir='ltr'>quae</span> <span class='ocrx_word' id='word_1_171' title='bbox 1503 1970 1643 2015; x_wconf 76' lang='lat' dir='ltr'>piae-</span> 
     </span>
     <span class='ocr_line' id='line_1_27' title="bbox 230 2018 1642 2085; baseline 0.002 -19"><span class='ocrx_word' id='word_1_172' title='bbox 230 2019 378 2077; x_wconf 83' lang='lat' dir='ltr'>dixit,</span> <span class='ocrx_word' id='word_1_173' title='bbox 404 2019 452 2066; x_wconf 88' lang='lat' dir='ltr'>se</span> <span class='ocrx_word' id='word_1_174' title='bbox 475 2018 720 2066; x_wconf 89' lang='lat' dir='ltr'>indicante</span> <span class='ocrx_word' id='word_1_175' title='bbox 745 2021 1071 2068; x_wconf 86' lang='lat' dir='ltr'>Theodorum</span> <span class='ocrx_word' id='word_1_176' title='bbox 1091 2040 1180 2085; x_wconf 86' lang='lat' dir='ltr'>per</span> <span class='ocrx_word' id='word_1_177' title='bbox 1198 2021 1490 2068; x_wconf 77' lang='lat' dir='ltr'>Eucaelium</span> <span class='ocrx_word' id='word_1_178' title='bbox 1511 2019 1642 2069; x_wconf 81' lang='lat' dir='ltr'>didi-</span> 
     </span>
     <span class='ocr_line' id='line_1_28' title="bbox 228 2088 1643 2152; baseline 0.003 -17"><span class='ocrx_word' id='word_1_179' title='bbox 228 2088 365 2148; x_wconf 80' lang='lat' dir='ltr'>ciss&#39;e‚</span> <span class='ocrx_word' id='word_1_180' title='bbox 402 2088 561 2135; x_wconf 89' lang='lat' dir='ltr'>virum</span> <span class='ocrx_word' id='word_1_181' title='bbox 590 2088 863 2152; x_wconf 83' lang='lat' dir='ltr'>praestabili</span> <span class='ocrx_word' id='word_1_182' title='bbox 887 2088 1085 2137; x_wconf 85' lang='lat' dir='ltr'>scientia</span> <span class='ocrx_word' id='word_1_183' title='bbox 1118 2090 1303 2138; x_wconf 76' lang='lat' dir='ltr'>litteiai</span> <span class='ocrx_word' id='word_1_184' title='bbox 1309 2109 1392 2137; x_wconf 88' lang='lat' dir='ltr'>um</span> <span class='ocrx_word' id='word_1_185' title='bbox 1422 2090 1643 2139; x_wconf 83' lang='lat' dir='ltr'>abunde·-</span> 
     </span>
     <span class='ocr_line' id='line_1_29' title="bbox 229 2156 1642 2223; baseline 0.003 -20"><span class='ocrx_word' id='word_1_186' title='bbox 229 2175 325 2222; x_wconf 87' lang='lat' dir='ltr'>que</span> <span class='ocrx_word' id='word_1_187' title='bbox 348 2157 670 2204; x_wconf 87' lang='lat' dir='ltr'>honoratum:</span> <span class='ocrx_word' id='word_1_188' title='bbox 714 2156 875 2204; x_wconf 86' lang='lat' dir='ltr'>Afiam</span> <span class='ocrx_word' id='word_1_189' title='bbox 906 2158 1089 2223; x_wconf 83' lang='lat' dir='ltr'>quippe</span> <span class='ocrx_word' id='word_1_190' title='bbox 1121 2160 1287 2223; x_wconf 87' lang='lat' dir='ltr'>paullo</span> <span class='ocrx_word' id='word_1_191' title='bbox 1316 2172 1427 2206; x_wconf 86' lang='lat' dir='ltr'>ante</span> <span class='ocrx_word' id='word_1_192' title='bbox 1448 2174 1642 2207; x_wconf 83' lang='lat' dir='ltr'>rexerat</span> 
     </span>
     <span class='ocr_line' id='line_1_30' title="bbox 165 2225 1640 2292; baseline 0.003 -22"><span class='ocrx_word' id='word_1_193' title='bbox 165 2244 217 2271; x_wconf 87' lang='lat'>10</span> <span class='ocrx_word' id='word_1_194' title='bbox 231 2244 322 2290; x_wconf 88' lang='lat' dir='ltr'>pro</span> <span class='ocrx_word' id='word_1_195' title='bbox 357 2225 630 2289; x_wconf 85' lang='lat' dir='ltr'>praefectis.</span> <span class='ocrx_word' id='word_1_196' title='bbox 724 2226 837 2282; x_wconf 82' lang='lat' dir='ltr'>Quo</span> <span class='ocrx_word' id='word_1_197' title='bbox 866 2226 917 2272; x_wconf 87' lang='lat' dir='ltr'>in</span> <span class='ocrx_word' id='word_1_198' title='bbox 948 2227 1166 2275; x_wconf 77' lang='lat' dir='ltr'>custodia</span> <span class='ocrx_word' id='word_1_199' title='bbox 1200 2227 1436 2286; x_wconf 87' lang='lat' dir='ltr'>condito,</span> <span class='ocrx_word' id='word_1_200' title='bbox 1488 2229 1640 2292; x_wconf 80' lang='lat' dir='ltr'>gesto-</span> 
     </span>
     <span class='ocr_line' id='line_1_31' title="bbox 229 2294 1638 2362; baseline 0.002 -21"><span class='ocrx_word' id='word_1_201' title='bbox 229 2313 436 2359; x_wconf 83' lang='lat' dir='ltr'>rumque</span> <span class='ocrx_word' id='word_1_202' title='bbox 454 2294 702 2342; x_wconf 84' lang='lat' dir='ltr'>volumine</span> <span class='ocrx_word' id='word_1_203' title='bbox 724 2295 1017 2358; x_wconf 85' lang='lat' dir='ltr'>Imperatori</span> <span class='ocrx_word' id='word_1_204' title='bbox 1040 2297 1243 2344; x_wconf 85' lang='lat' dir='ltr'>recitato</span> <span class='ocrx_word' id='word_1_205' title='bbox 1269 2295 1329 2344; x_wconf 90' lang='lat' dir='ltr'>de</span> <span class='ocrx_word' id='word_1_206' title='bbox 1348 2314 1501 2358; x_wconf 86' lang='lat' dir='ltr'>more,</span> <span class='ocrx_word' id='word_1_207' title='bbox 1527 2314 1638 2362; x_wconf 89' lang='lat' dir='ltr'>pro-</span> 
     </span>
     <span class='ocr_line' id='line_1_32' title="bbox 228 2362 1637 2427; baseline 0.002 -18"><span class='ocrx_word' id='word_1_208' title='bbox 228 2362 412 2427; x_wconf 81' lang='lat' dir='ltr'>digiosa</span> <span class='ocrx_word' id='word_1_209' title='bbox 442 2363 643 2411; x_wconf 87' lang='lat' dir='ltr'>feritas</span> <span class='ocrx_word' id='word_1_210' title='bbox 632 2381 682 2409; x_wconf 86' lang='grc'>111</span> <span class='ocrx_word' id='word_1_211' title='bbox 716 2363 917 2411; x_wconf 89' lang='lat' dir='ltr'>modum</span> <span class='ocrx_word' id='word_1_212' title='bbox 950 2364 1303 2413; x_wconf 84' lang='lat' dir='ltr'>ardentissimae</span> <span class='ocrx_word' id='word_1_213' title='bbox 1334 2365 1452 2412; x_wconf 86' lang='lat' dir='ltr'>sacis</span> <span class='ocrx_word' id='word_1_214' title='bbox 1484 2366 1637 2412; x_wconf 84' lang='lat' dir='ltr'>fufius</span> 
     </span>
     <span class='ocr_line' id='line_1_33' title="bbox 227 2432 1638 2496; baseline 0.001 -16"><span class='ocrx_word' id='word_1_215' title='bbox 227 2433 510 2496; x_wconf 80' lang='lat' dir='ltr'>vagabatur,</span> <span class='ocrx_word' id='word_1_216' title='bbox 546 2434 669 2480; x_wconf 84' lang='lat' dir='ltr'>elata</span> <span class='ocrx_word' id='word_1_217' title='bbox 694 2433 826 2496; x_wconf 86' lang='lat' dir='ltr'>turpi</span> <span class='ocrx_word' id='word_1_218' title='bbox 855 2432 1136 2482; x_wconf 84' lang='lat' dir='ltr'>adulatione</span> <span class='ocrx_word' id='word_1_219' title='bbox 1156 2436 1338 2481; x_wconf 82' lang='lat' dir='ltr'>multoi</span> <span class='ocrx_word' id='word_1_220' title='bbox 1342 2453 1450 2487; x_wconf 90' lang='lat' dir='ltr'>um</span> <span class='ocrx_word' id='word_1_221' title='bbox 1485 2435 1638 2481; x_wconf 82' lang='lat' dir='ltr'>maxi-</span> 
     </span>
     <span class='ocr_line' id='line_1_34' title="bbox 160 2501 1634 2566; baseline 0.003 -20"><span class='ocrx_word' id='word_1_222' title='bbox 160 2519 177 2545; x_wconf 85' lang='lat'>1</span> <span class='ocrx_word' id='word_1_223' title='bbox 193 2520 207 2546; x_wconf 93' lang='lat'>1</span> <span class='ocrx_word' id='word_1_224' title='bbox 227 2519 403 2566; x_wconf 86' lang='lat' dir='ltr'>meque</span> <span class='ocrx_word' id='word_1_225' title='bbox 427 2501 660 2565; x_wconf 87' lang='lat' dir='ltr'>praefecti</span> <span class='ocrx_word' id='word_1_226' title='bbox 691 2502 936 2565; x_wconf 86' lang='lat' dir='ltr'>praetorio</span> <span class='ocrx_word' id='word_1_227' title='bbox 956 2516 1072 2550; x_wconf 89' lang='lat' dir='ltr'>tuuc</span> <span class='ocrx_word' id='word_1_228' title='bbox 1090 2502 1317 2550; x_wconf 76' lang='lat' dir='ltr'>Modesti.</span> <span class='ocrx_word' id='word_1_229' title='bbox 1390 2502 1491 2558; x_wconf 84' lang='lat' dir='ltr'>Qui</span> <span class='ocrx_word' id='word_1_230' title='bbox 1514 2502 1634 2551; x_wconf 80' lang='lat' dir='ltr'>dum</span> 
     </span>
     <span class='ocr_line' id='line_1_35' title="bbox 224 2569 1632 2633; baseline 0.001 -18"><span class='ocrx_word' id='word_1_231' title='bbox 224 2570 491 2616; x_wconf 81' lang='lat' dir='ltr'>formidine</span> <span class='ocrx_word' id='word_1_232' title='bbox 511 2569 790 2617; x_wconf 70' lang='lat' dir='ltr'>successoris</span> <span class='ocrx_word' id='word_1_233' title='bbox 809 2571 1066 2633; x_wconf 77' lang='lat' dir='ltr'>agitaretur</span> <span class='ocrx_word' id='word_1_234' title='bbox 1096 2572 1280 2632; x_wconf 87' lang='lat' dir='ltr'>indies,</span> <span class='ocrx_word' id='word_1_235' title='bbox 1327 2571 1632 2618; x_wconf 75' lang='lat' dir='ltr'>obu1nb1atis</span> 
     </span>
     <span class='ocr_line' id='line_1_36' title="bbox 223 2638 1633 2705; baseline 0.002 -21"><span class='ocrx_word' id='word_1_236' title='bbox 223 2638 573 2686; x_wconf 81' lang='lat' dir='ltr'>blanditiarum</span> <span class='ocrx_word' id='word_1_237' title='bbox 615 2639 651 2705; x_wconf 79' lang='lat'>³)</span> <span class='ocrx_word' id='word_1_238' title='bbox 687 2639 1099 2689; x_wconf 64' lang='lat' dir='ltr'>concinnit-atibus</span> <span class='ocrx_word' id='word_1_239' title='bbox 1137 2640 1411 2690; x_wconf 82' lang='lat' dir='ltr'>cavillando</span> <span class='ocrx_word' id='word_1_240' title='bbox 1454 2640 1633 2689; x_wconf 86' lang='lat' dir='ltr'>Valen-</span> 
     </span>
    </p>
   </div>
   <div class='ocr_carea' id='block_1_3' title="bbox 297 2751 504 2758">
    <p class='ocr_par' dir='ltr' id='par_1_3' title="bbox 297 2751 504 2758">
     <span class='ocr_line' id='line_1_37' title="bbox 297 2751 504 2758; baseline 0 386"><span class='ocrx_word' id='word_1_241' title='bbox 297 2751 504 2758; x_wconf 95' lang='lat' dir='ltr'> </span> 
     </span>
    </p>
   </div>
   <div class='ocr_carea' id='block_1_4' title="bbox 263 2801 741 2849">
    <p class='ocr_par' dir='ltr' id='par_1_4' title="bbox 263 2801 741 2849">
     <span class='ocr_line' id='line_1_38' title="bbox 263 2801 741 2849; baseline 0 -13"><span class='ocrx_word' id='word_1_242' title='bbox 263 2803 308 2849; x_wconf 70' lang='lat'>3)</span> <span class='ocrx_word' id='word_1_243' title='bbox 336 2802 406 2837; x_wconf 83' lang='lat' dir='ltr'>Ms.</span> <span class='ocrx_word' id='word_1_244' title='bbox 428 2801 741 2839; x_wconf 64' lang='lat' dir='ltr'>concinnantibus.</span> 
     </span>
    </p>
   </div>
  </div>
 </body>
</html>
