1727 3144
251 152 350 194 (ΞΟ-ἰ
499 164 768 196 ammam
801 165 1194 197 MARcssLMNt
1236 167 1386 208 xxm,
1426 152 1503 198 15.

200 271 492 322 Zconditos.
598 273 661 321 Et
696 292 755 322 nc
798 275 1112 323 intervallatis
1152 274 1296 323 ardor
1334 273 1652 339 intepesceret

245 343 425 403 moris,
468 343 589 390 hora
619 342 717 390 diei
746 358 914 407 quarta
955 345 1143 391 ambitu
1178 345 1338 391 cincto
1380 361 1651 400 murorum,

244 409 536 459 infestiffime
557 413 855 459 certabatur:
893 413 1314 476 oppugnatoribus
1349 413 1555 477 genuina
1583 411 1652 459 fe-

246 481 380 526 rocia
401 479 464 527 ad
496 498 725 545 praeceps
757 482 954 530 exitium
985 482 1343 542 festinantibus,
1382 495 1650 544 contraque

199 561 228 615 4
247 547 558 596 defensorum
582 550 746 613 vigore
765 550 935 597 validis
957 552 1141 598 viribus
1159 551 1378 599 incitato.
1447 550 1509 597 Et
1536 548 1649 614 quia
1690 553 1693 561 ⁴

241 617 456 665 militum
509 619 838 683 calonumque
891 638 1121 666 numerus
1164 638 1365 683 magnus
1402 619 1650 667 civitatem

243 704 357 733 cum
377 687 604 736 iumentis
626 688 827 736 introire
852 689 1146 754 prohibitus,
1178 688 1365 736 adfixus
1383 687 1650 753 parietibus

241 756 495 803 moenium
515 756 817 821 aedibusque
838 758 1081 804 continuis
1097 795 1109 818 ,
1142 776 1230 823 pro
1249 758 1347 805 loci
1372 756 1648 805 humilitate

238 824 434 872 sortiter
471 826 790 884 decernebat,
831 824 1174 890 superaratque
1206 827 1363 874 rabies
1393 825 1651 872 imminen-

239 891 364 938 tium
401 893 620 957 adusque
651 892 826 939 horam
863 893 962 940 diei
997 911 1201 947 nonam:
1256 894 1418 941 subito
1458 892 1647 957 pedites
1691 947 1693 949 ¹

236 961 389 1006 nostri
410 960 640 1024 trecenti,
680 978 736 1007 ex
756 958 860 1022 his,
899 962 984 1026 qui
1004 979 1156 1026 prope
1182 961 1307 1026 ipsas
1334 963 1502 1010 stetere
1531 961 1646 1010 lori-

234 1047 344 1090 cas,
389 1031 599 1078 conferti
634 1031 683 1077 in
712 1047 923 1079 cuneum
954 1029 1259 1078 desciverunt
1291 1029 1354 1077 ad
1387 1031 1642 1078 barbaros:

238 1114 421 1162 eosque
448 1099 521 1146 illi
552 1099 692 1148 avide
724 1115 909 1166 raptos,
958 1100 1211 1148 confestim
1248 1100 1643 1166 (incertumquo

234 1166 460 1233 confilio)
484 1169 816 1233 trucidarunt·>
853 1185 899 1217 et
919 1187 975 1218 ex
996 1187 1053 1217 co
1077 1169 1306 1234 deinceps
1336 1167 1644 1217 observatum

235 1236 320 1294 est,
356 1238 599 1286 neminem
627 1239 912 1286 huiusmodi
936 1238 1122 1303 aliquid
1144 1238 1219 1286 vel
1239 1239 1288 1284 in
1307 1236 1642 1303 desperatione

185 1328 216 1372 5
235 1323 398 1352 rerum
429 1307 600 1354 ultima
627 1307 869 1371 cogitass'e.
949 1308 1186 1356 Fervente
1207 1307 1370 1372 itaque
1391 1321 1465 1355 tot
1493 1307 1647 1360 maio-⁴

174 1394 178 1401 ·
231 1393 341 1422 rum
365 1383 620 1440 congerie,
650 1391 849 1440 repente
871 1395 984 1425 cuin
1010 1378 1200 1441 fragore
1235 1375 1426 1424 caelesti
1456 1376 1638 1423 imbres

229 1445 446 1492 nubibus
494 1446 607 1493 atris
657 1446 790 1493 effufi
835 1445 1098 1511 dispersere
1138 1445 1637 1493 circumfrementium

229 1514 404 1578 globos
421 1533 429 1561 :
459 1515 730 1581 reverfique
753 1516 815 1562 ad
836 1517 1013 1562 vallum
1033 1514 1305 1562 dimensum
1323 1515 1463 1562 tereti
1481 1517 1634 1579 figura

224 1583 579 1648 plaustrorum,
626 1586 861 1632 immanes
902 1585 1097 1649 spiritus
1134 1585 1278 1631 latius
1314 1585 1636 1648 porrigente&

225 1653 464 1700 iubebant
495 1653 667 1701 nostris
701 1673 786 1718 per
815 1654 1026 1701 minaces
1056 1655 1265 1714 litteras,
1302 1667 1349 1700 et
1372 1655 1585 1717 legatum
1606 1659 1633 1684 *

178 1733 458 1784 Gaetatem‚
508 1722 608 1770 fide
642 1723 924 1771 retinendae
954 1722 1117 1770 salutis
1152 1736 1364 1787 accepta.
1448 1723 1631 1769 Verum

225 1790 428 1839 introire
451 1810 550 1839 non
574 1791 688 1840 auso
703 1829 719 1850 ,
761 1793 846 1857 qui
874 1791 1034 1840 miffus
1055 1788 1146 1851 est,
1189 1810 1275 1856 per
1306 1791 1630 1839 Christianum

223 1860 486 1922 quemdam
510 1863 710 1926 portatis
732 1861 921 1928 scriptis
949 1876 996 1908 et
1028 1861 1263 1922 recitatis,
1310 1875 1461 1925 utque
1487 1860 1630 1907 dcce-

219 1926 305 1973 bat
324 1931 689 1992 contemplatis,
722 1930 948 1994 parandis
971 1931 1202 1995 operibus
1220 1929 1503 1995 [reliquum]
1531 1928 1629 1975 diei

220 2009 268 2041 et
305 2014 399 2043 nox
434 1997 591 2043 omnis
628 2000 661 2061 ¹)
682 1998 946 2061 absumpta.
1029 1998 1156 2046 Nam
1176 1998 1460 2046 intrinsecus
1486 1998 1627 2045 filici-

218 2065 310 2110 hus
334 2065 517 2128 magnis
550 2062 797 2112 obstrusae
833 2065 942 2112 sunt
972 2080 1163 2130 portae,
1206 2079 1253 2112 et
1281 2067 1626 2113 mocniumin·

216 2146 318 2178 tnta
337 2135 527 2180 firmata
547 2152 556 2181 ε
593 2148 641 2180 et
661 2132 722 2180 ad
746 2133 1010 2181 emittenda
1031 2134 1252 2198 undique
1274 2134 1368 2181 tela
1396 2135 1474 2182 vel
1499 2135 1622 2196 saxa,

214 2216 457 2250 tormenta
478 2219 565 2266 per
583 2203 719 2249 locos
745 2216 904 2267 aptata
938 2200 1047 2249 sunt
1080 2202 1295 2263 habiles,
1334 2201 1621 2270 adgestaque

219 2288 369 2335 prope
390 2270 630 2319 sufficiens
655 2289 793 2336 aqua.
829 2270 995 2319 Pridie
1015 2272 1147 2319 enim
1167 2271 1502 2319 dimicantium
1519 2276 1624 2337 qui.

215 2339 327 2385 dam
348 2338 422 2386 [iti
443 2339 662 2404 adusque
684 2339 785 2405 ipsa
804 2339 929 2388 vitae
950 2339 991 2405 2)
1015 2339 1303 2387 detrimenta
1328 2343 1482 2388 vexati
1497 2341 1619 2391 sunt.

162 2424 192 2470 7
311 2409 494 2456 Contra
525 2409 682 2456 Gothi
716 2422 991 2473 reputantes
1027 2409 1248 2457 difficiles
1276 2409 1445 2457 Martis
1478 2429 1620 2460 even-

213 2490 316 2537 tus,
362 2479 586 2541 anxiique
617 2497 731 2525 cum
758 2478 901 2525 sterni
931 2491 978 2525 et
1005 2477 1205 2525 sauciari
1235 2493 1490 2526 cernerent
1519 2482 1617 2529 for.

211 2546 359 2592 tiores
377 2583 390 2606 ,
426 2560 474 2592 et
492 2547 816 2610 particulatim
838 2548 962 2594 vires
985 2546 1090 2594 suas
1124 2548 1361 2608 convelli,
1408 2548 1616 2599 astutum

209 2613 361 2661 iniere
386 2616 639 2662 confilium
655 2653 669 2673 ‚
702 2615 837 2680 quod
859 2615 957 2679 ipsa
978 2615 1221 2664 indicante
1243 2616 1426 2664 Iustitia
1457 2622 1616 2683 publi-

160 2695 187 2736 3,
208 2696 370 2749 catum
393 2684 471 2730 est.
544 2683 699 2732 Partis
722 2685 849 2732 enim
870 2684 1056 2733 nostrae
1086 2684 1385 2733 Candidatos
1408 2687 1613 2753 aliquos,

257 2798 295 2840 2]
326 2800 375 2829 al.
406 2798 563 2832 altumta.
621 2806 656 2842 2)
680 2797 748 2833 Ms.
781 2798 1013 2837 ‹lefi·umenta.
