1727 3144
479 192 862 225 IULIANUS.
939 177 1053 221 565.
1372 176 1467 219 525

58 319 106 353 et
147 303 414 352 castrorum
464 303 867 368 castellorumque
919 298 1235 347 munimentis
1274 298 1469 360 oppleta

55 372 276 434 Perside,
315 371 682 436 adsuefactaque
708 372 874 419 timori
895 369 987 418 effe
1008 366 1188 416 accolis
1219 367 1463 427 omnibus,

58 461 180 506 quos
200 456 340 489 antea
361 441 682 502 formidabat,
720 440 937 488 medium
967 437 1069 502 ipse
1100 453 1242 500 agens
1273 433 1465 482 cursum

37 511 254 574 notatis,
292 510 479 575 placida
500 524 656 557 morte
680 508 893 558 decessit.
978 507 1310 570 Certatimque
1342 502 1467 549 sum-

53 594 240 626 matum
273 594 319 627 et
344 580 474 644 vulgi
516 579 761 627 sententiis
786 577 1189 634 concinentibus,
1231 571 1363 620 astris
1391 573 1466 635 (ut

53 649 144 712 ipfi
169 649 465 713 existimant)
494 649 612 695 ritus
630 647 703 694 sui
723 647 1085 695 consecratione
1117 641 1367 709 permistus
1400 640 1466 687 est

52 718 273 785 oninium
304 718 503 780 primus.
595 716 739 763 Unde
771 716 832 762 ad
860 715 914 762 id
947 730 1139 779 tempus
1169 729 1303 776 reges
1338 709 1463 757 eius·
1483 712 1513 756 5

51 787 164 832 dem
193 786 347 849 gentis
378 783 695 847 praetumidi,
744 783 982 849 adpellari
1011 783 1060 830 fe
1091 782 1344 847 patiuntur
1372 778 1463 826 So-

48 855 106 901 lis
138 855 310 901 fratres
339 867 388 900 et
415 853 611 900 Lunae:
659 867 813 918 utque
853 852 1242 918 Imperatoribus
1286 847 1460 895 nostris

48 922 262 987 Augusta
286 922 587 986 nuncupatio
620 922 842 970 amabilis
873 923 938 970 est
957 936 1004 970 et
1029 934 1221 986 optata,
1253 918 1319 965 ita
1343 916 1462 980 regi-

46 992 139 1039 bus
169 991 411 1038 Parthicis
444 991 646 1039 abiectis
679 1005 726 1038 et
753 992 1054 1055 ignobilibus
1090 1003 1257 1045 antea,
1305 987 1461 1033 incre-

46 1075 210 1108 menta
239 1060 531 1125 dignitatum
561 1060 789 1108 felicibus
827 1060 1019 1107 Arsacis
1051 1057 1276 1121 auspiciis
1309 1053 1463 1101 acces·

44 1129 148 1177 sere
176 1130 258 1178 vel
284 1130 508 1177 maxima.
601 1129 939 1186 Quamobrem
969 1127 1181 1175 numinis
1214 1142 1325 1172 eum
1355 1123 1459 1170 vice
1480 1120 1509 1163 6

47 1213 335 1246 venerantur
368 1212 416 1246 et
446 1199 643 1259 colunt,
697 1216 913 1263 eousque
946 1192 1224 1262 propagatis
1262 1191 1463 1239 honori-

46 1268 165 1329 bus,
209 1282 263 1314 ut
287 1266 350 1314 ad
371 1267 520 1314 nostri
540 1267 830 1315 memoriam
851 1285 977 1323 non,
1022 1266 1108 1312 nili
1136 1260 1390 1312 Arsacides
1422 1260 1462 1306 is

48 1336 131 1397 lit,
165 1337 425 1401 qnisquam
454 1335 505 1381 in
537 1334 851 1400 suscipiendo
872 1353 1021 1398 regno
1051 1333 1239 1382 cunctis
1262 1344 1463 1392 antepo-

46 1419 214 1452 natur:
283 1418 331 1452 et
367 1405 420 1451 in
459 1404 679 1469 qualibet
707 1405 841 1452 civili
882 1403 1272 1457 concertatione,
1338 1414 1461 1462 quae

43 1475 84 1538 ²)
104 1472 301 1520 adlidue
323 1471 456 1538 apud
477 1490 560 1519 eos
584 1474 830 1534 eveniunt,
859 1474 990 1520 velut
1008 1470 1313 1534 sacrilegium
1335 1466 1463 1530 quis-

44 1560 140 1606 que
161 1555 351 1602 caveat,
382 1559 443 1589 ne
474 1540 670 1589 dextera
698 1540 782 1589 sua
810 1540 1097 1589 Arsacidem
1123 1557 1254 1594 arma
1281 1536 1458 1600 gestan-

44 1626 145 1659 tem
165 1610 308 1658 feriat
332 1610 412 1657 vel
430 1610 689 1674 privatum.

139 1679 367 1744 Satisque
409 1677 595 1726 constat
636 1677 766 1724 hanc
803 1690 995 1739 gentem
1044 1693 1216 1738 regna,
1265 1671 1513 1736 populis7

41 1749 90 1796 vi
109 1748 343 1813 superatis
366 1746 722 1811 compluribus,
753 1744 968 1792 dilataffe
991 1745 1212 1808 adusque
1240 1745 1463 1804 Propon-

42 1818 196 1865 tidem
225 1830 274 1864 et
307 1815 568 1863 Thracias:
606 1813 692 1862 sed
722 1815 816 1861 alte
848 1812 1139 1877 spirantium
1171 1811 1354 1858 ducum
1389 1807 1462 1855 su-

43 1887 237 1952 perbia,
270 1885 476 1932 licenter
495 1882 802 1947 gr-affantinm
824 1900 910 1945 per
932 1883 1227 1946 longinqua,
1275 1896 1462 1927 aerum-

41 1957 116 2003 nis
152 1953 374 2002 maximis
393 1952 733 2000 imminutam:
766 1952 927 2015 primo
960 1969 1047 2015 per
1069 1952 1275 2016 Cyrum,
1313 1965 1464 2012 quem

45 2022 260 2089 Bospori
280 2023 462 2069 fretum
482 2039 597 2068 cum
613 2019 930 2067 multitudine
959 2018 1179 2067 fabulosa
1211 2013 1463 2079 transgres-

42 2094 165 2153 lum,
200 2091 262 2140 ad
278 2089 675 2157 internecionem
699 2088 880 2137 delevit
906 2089 1134 2154 Tomyris
1156 2088 1320 2150 regina
1346 2086 1463 2147 Scy-

45 2162 270 2221 tharum,
314 2158 462 2206 ultrix
489 2157 723 2206 acerrima
756 2158 988 2205 filiorum.
1078 2156 1299 2214 Deinde,
1350 2157 1509 2199 (ιω-118

48 2231 268 2290 DareuS,
306 2227 569 2292 posteaque
605 2227 791 2275 Xerxes
825 2227 1081 2274 Graeciam
1110 2227 1464 2273 elementorum

44 2298 135 2346 usu
156 2310 343 2345 mutato
363 2294 590 2358 adgreffi‚
635 2296 824 2342 cunctis
848 2314 1001 2359 paene
1023 2295 1181 2359 copiis
1213 2307 1336 2338 terra
1365 2306 1463 2334 ma-

47 2369 187 2432 rique
217 2363 545 2428 consumptis,
593 2363 673 2410 vix
703 2364 793 2428 ipfi
823 2378 983 2412 tutum
1020 2365 1246 2410 invenere
1288 2355 1462 2404 disces-

48 2437 184 2483 sum:
235 2448 291 2481 ut
319 2434 447 2481 bella
494 2445 844 2496 praetereamus
886 2431 1177 2489 Alexandri,
1246 2442 1292 2475 et
1329 2425 1464 2473 testa-

53 2518 220 2552 mento
262 2502 512 2550 nationem
546 2518 742 2549 omnem
779 2502 830 2549 in
876 2500 1164 2551 success'oris'
1190 2496 1331 2545 unius
1362 2495 1464 2541 iura

58 2573 353 2620 translatam.

432 2716 659 2728 m*

109 2805 147 2848 2)
174 2799 244 2838 Mt.
270 2800 417 2839 affidue.
