1727 3144
404 185 438 216 Α.
472 185 505 215 1)
577 184 604 213 L
640 185 670 214 Ε
700 186 727 214 C
765 184 794 214 T
832 185 861 214 O
892 185 926 214 R
957 186 988 216 E
1020 186 1066 215 )1.
1299 191 1480 224 Lxxxnl

72 294 326 343 modatum
349 293 530 358 accepi.
603 292 700 340 Hic
721 292 879 341 codex
908 293 993 341 etti
1013 313 1114 343 non
1144 296 1354 345 multum
1384 320 1480 348 an*

71 365 262 428 tiquus,
311 381 368 410 ex
399 364 588 428 optimo
619 376 782 412 tamen
814 364 1083 428 exemplari
1114 379 1162 413 et
1190 367 1250 412 ab
1283 370 1476 418 erudito

71 432 272 480 homine
306 431 597 496 descriptus,
641 433 693 478 in
729 433 952 497 plurimis
990 435 1112 481 locis
1154 438 1474 486 emendandis

68 519 336 566 permagno
356 502 480 548 mihi
501 501 606 549 ul'ui
623 502 732 548 fuit.
805 502 936 549 Huic
965 503 1154 551 acceffit
1185 505 1346 553 codex
1381 508 1477 553 Bi·-

61 567 642 632 ⁴bliothecae;,Vaticanae,
681 570 766 636 qui
786 571 904 618 olim
925 572 1208 620 Monasterii
1226 575 1262 621 F
1266 575 1476 623 uldenlis

67 642 252 702 fuerat,
287 655 397 688 ante
417 640 795 705 quadringentos
816 641 924 704 plus
945 643 1104 689 minus
1125 662 1276 691 annos
1300 663 1476 691 exara-

69 724 161 757 tus.
231 709 303 756 Ex
324 728 382 757 eo
405 710 542 757 locos
564 710 802 774 quosdam
825 729 850 756 a
881 711 921 770 I,
956 712 1143 759 Iacobo
1175 713 1475 762 Bouchardo

69 778 264 827 erudito
285 780 390 827 viro
411 793 466 825 ut
491 780 724 843 petieram
746 780 979 842 collatOS‚
1017 780 1144 828 milit
1177 782 1239 828 ad
1266 801 1344 830 me
1376 783 1475 830 Ni-

69 849 236 896 colaus
266 848 518 906 Fabricius
548 847 816 897 Peirescius
851 850 913 896 V.
944 850 1015 898 Cl.
1040 851 1259 916 quicum
1283 854 1351 899 rei
1374 871 1476 916 pu-

70 917 230 965 blicae
264 917 536 964 litterarum
573 918 707 965 bono
746 932 885 984 natus
926 919 1017 980 est,
1068 935 1169 966 tum
1208 921 1258 966 in
1301 922 1476 969 nostris

69 986 298 1051 privatim
317 987 486 1033 studiis
504 986 727 1034 iuvandis
751 1001 798 1034 et
819 989 1168 1052 promovendis
1190 990 1310 1036 nulli
1328 991 1476 1038 labo-

71 1056 112 1102 ri
138 1070 185 1102 et
207 1054 452 1119 impensae
477 1074 673 1119 parcere
693 1056 830 1103 solet.
899 1057 960 1103 Et
982 1077 1278 1123 quamquam
1292 1060 1476 1123 *pagel—

68 1124 139 1170 las
163 1125 222 1171 ab
245 1142 303 1172 eo
327 1124 388 1172 ad
411 1143 489 1172 me
511 1126 576 1172 mi
587 1125 668 1172 [sas
686 1124 835 1172 serius
859 1140 906 1172 et
927 1129 1095 1173 affecta
1117 1128 1214 1174 iam
1245 1128 1478 1176 Editione

32 1217 37 1221 ,
68 1193 226 1240 nostra
248 1195 440 1257 accepi:
476 1193 728 1242 observavi
752 1209 912 1243 tamen
938 1197 1226 1243 Vaticanum
1252 1198 1477 1244 codicem

67 1263 207 1309 illum
227 1263 328 1309 fere
348 1264 534 1327 ubique
555 1282 666 1310 cum
686 1263 841 1325 Regio
861 1264 1151 1310 consentire.
1223 1265 1479 1312 Praeterea

69 1332 254 1378 librum
275 1331 482 1377 Antonii
504 1332 730 1390 Loiselli,
761 1333 809 1376 in
831 1349 929 1394 quo
961 1332 1032 1377 vir
1065 1333 1146 1378 ille
1179 1332 1476 1381 doctillimus

71 1399 226 1446 varias
246 1398 435 1462 aliquot
453 1400 688 1445 lectiones
710 1398 800 1444 ΜΓ.
817 1399 1021 1460 codicis,
1056 1401 1270 1465 quiolim
1284 1403 1475 1449 Valen—

70 1469 165 1516 tiae
187 1469 426 1515 Cavarum
448 1467 556 1526 fuit,
590 1466 922 1527 adnotaverat,
955 1470 1161 1531 benigne
1184 1470 1306 1516 mihi
1330 1490 1474 1518 com—

70 1537 339 1585 municavit
373 1536 701 1599 Hieronymus
731 1535 1002 1597 Bignonius
1040 1539 1101 1584 V.
1148 1540 1219 1585 Cl.
1263 1553 1310 1585 et
1350 1540 1478 1587 iuter

69 1607 333 1672 'praecipua
353 1604 588 1658 ,Luteciae
607 1603 794 1649 nostrae
815 1619 1096 1651 ornamenta
1129 1609 1474 1655 numerandus.

68 1676 300 1739 Denique
323 1672 560 1730 Eriderici
580 1671 937 1736 Lindenbrogii
962 1688 1009 1720 et
1044 1675 1243 1722 Gruter-i
1274 1675 1478 1723 Editio—

69 1763 181 1806 nes,
209 1742 361 1789 varias
387 1758 585 1806 quoque
613 1741 849 1787 lectiones
885 1760 941 1788 ex
970 1742 1077 1789 Mff.
1113 1745 1477 1807 exemplaribus

69 1812 356 1863 Florentino
377 1825 423 1858 et
452 1810 707 1857 Fauchetii
734 1810 1122 1874 suppeditarunt.
1204 1813 1295 1859 His
1330 1814 1478 1877 igitur

73 1882 267 1930 auxiliis
322 1879 604 1939 instructus,
675 1878 951 1926 Marcellini
1010 1880 1233 1928 historias
1285 1882 1476 1929 mendis

73 1948 444 2018 quamplurimis
466 1961 690 2012 purgatas
708 1947 758 1993 in
780 1949 1032 2012 publicum
1063 1950 1211 1997 emili.
1292 1951 1478 1998 Adno-

71 2021 280 2068 tationes
323 2036 522 2083 quoque
562 2017 816 2064 uberiores
858 2016 1054 2079 addidi,
1125 2019 1304 2084 quibus
1362 2039 1476 2066 cum

51 2084 472 2137 ‘emendationum
501 2104 718 2133 mearum
751 2086 990 2133 rationem
1028 2088 1311 2149 redderem,
1370 2103 1476 2135 tum

74 2158 295 2205 difficiles
319 2173 541 2220 quosque
561 2156 697 2202 locos
721 2154 1020 2220 (cuiusmodi
1039 2156 1089 2203 in
1114 2158 1210 2205 hoc
1242 2158 1475 2221 Scripto—

72 2245 125 2275 re
165 2238 427 2273 occurrunt
457 2224 676 2289 plurimi)
711 2224 1017 2288 explicarem.
1114 2226 1172 2273 In
1212 2244 1310 2290 quo
1355 2224 1475 2287 quid

70 2294 416 2361 praestiterim,
453 2307 539 2340 tuo
582 2292 763 2340 Lector
797 2293 982 2341 iudicio
1025 2295 1266 2360 relinquo.
1366 2294 1478 2341 Hoc

75 2364 276 2429 quidem
303 2362 426 2410 mihi
453 2361 625 2408 videor
651 2363 754 2409 iure
786 2361 915 2425 polse
949 2362 1138 2424 dicere,
1185 2362 1366 2409 dedisse
1399 2380 1477 2410 me

77 2451 302 2497 operam,
360 2446 415 2478 ut
446 2432 634 2477 nullum
668 2430 1001 2479 obscuriorem
1042 2434 1203 2479 locum
1247 2431 1391 2477 tacite
1433 2445 1481 2478 et

78 2501 424 2548 dissimulanter
452 2500 779 2563 praeterirem.
861 2499 1112 2549 Postremo
1148 2502 1387 2562 Excerpta
1418 2499 1479 2546 de

79 2570 216 2634 gestis
244 2569 568 2629 Constantini,
602 2587 812 2633 quorum
834 2569 882 2615 in
913 2568 1335 2616 Adnotatiouibus
1369 2566 1480 2615 sae-

78 2652 141 2702 pe
162 2639 461 2687 mentionem
481 2639 634 2697 facio,
673 2638 788 2685 huic
813 2637 1033 2686 Editioni
1055 2639 1240 2683 nostrae
1269 2635 1481 2683 subiun-

81 2725 190 2771 gere
223 2708 418 2772 placuit.
503 2706 686 2754 Eorum
715 2721 877 2754 autem
910 2707 1032 2753 mihi
1069 2706 1264 2769 copiam
1285 2706 1399 2752 fet-it
1427 2707 1480 2752 R.

774 2777 849 2821 12
