1727 3144
532 156 926 189 loviAhius.
1002 144 1117 190 560.
1417 147 1554 206 599Ἴ

109 268 232 315 iecta
253 262 445 330 digredi
465 264 529 312 ad
550 265 782 314 inferiora
812 267 1119 331 prohibitos,
1165 267 1423 332 splendore
1450 271 1520 318 in-

106 334 214 389 fuso
248 334 448 399 corpori
482 334 661 397 craffo,
700 337 863 384 lucem
894 338 1028 384 velut
1064 337 1210 383 stellis
1248 338 1519 387 distinctam

106 404 304 452 mortali
346 402 614 468 conspectu
653 405 934 453 monstrare.
1022 405 1166 453 Sedit
1192 408 1519 470 quorumdam

110 473 364 539 opinioni,
393 472 521 520 hanc
542 471 753 538 speciem
776 488 892 523 tunc
922 474 1181 540 adparere,
1220 493 1335 522 cum
1366 475 1402 539 ³)
1423 493 1520 523 ere-

107 557 186 592 cta
206 540 351 589 solito
371 542 540 590 cellius
563 543 718 590 nubes
740 557 870 591 aetei
871 561 962 591 noi
966 563 1048 591 um
1054 545 1254 608 ignium
1279 543 1521 591 vicinitate

108 611 378 659 colluceat:
447 613 524 658 vel
556 625 686 659 certe
727 612 884 661 stellas
921 612 1012 661 effe
1043 606 1276 677 quasdam
1321 614 1521 659 caeteris

107 679 286 728 similes
298 715 312 737 ,
354 698 561 744 quaium
593 694 728 727 ortus
762 680 1050 746 obitusque,
1081 683 1260 747 quibus
1291 681 1383 728 [int
1405 695 1525 728 tern-

107 750 313 813 poribus
365 748 657 819 praestituti,
718 747 946 794 humanis
992 751 1240 798 mentibus
1290 750 1520 814 ignorari.

106 817 254 865 Plura
273 816 364 862 alia
387 816 449 863 de
469 816 674 863 cometis
695 815 828 880 apud
854 817 1038 881 peritos
1069 818 1344 866 mundanae
1381 819 1525 866 iatio-

101 887 183 939 ¹nis
212 884 323 931 sunt
349 885 502 932 lecta:
549 902 674 950 quae
704 883 842 951 digei
846 903 926 936 ere
966 906 1096 936 nunc
1124 902 1256 937 vetat
1294 887 1524 937 aliorsum

107 955 270 1003 oratio
290 971 577 1018 properans.

207 1023 457 1071 Moratum
478 1022 738 1087 paullisper
766 1023 1064 1073 Antiochiae
1092 1025 1401 1091 Principem,
1441 1043 1524 1073 cu·-
1541 1024 1572 1078 4

111 1110 374 1158 rarumque
404 1092 708 1156 ponderibus
737 1091 934 1140 diversis
976 1095 1254 1156 adflictum,
1313 1093 1523 1143 exeundi

107 1163 233 1211 mira
262 1162 507 1225 cupiditas
541 1161 776 1225 agitabat:
816 1162 1026 1226 pioinde
1058 1182 1147 1211 nec
1168 1166 1387 1212 iumento
1415 1181 1524 1226 par-

108 1250 225 1280 cens
256 1249 344 1278 nec
380 1230 554 1291 militi,
570 1198 826 1294 ”flagrante
859 1232 1019 1279 hieme
1052 1235 1092 1297 ⁴)
1115 1233 1230 1280 inde
1255 1233 1521 1298 profectus,

108 1301 283 1364 lignis,
318 1313 374 1346 ut
396 1299 584 1346 dictum
612 1298 702 1360 est,
739 1302 1012 1348 vetantibus
1040 1295 1277 1366 plurimis,
1317 1301 1523 1349 Tailuni

107 1369 285 1417 urbem
309 1368 519 1416 Cilicum
538 1367 789 1415 nobilem
780 1372 984 1429 introiit,
1021 1372 1158 1417 cuius
1183 1371 1421 1434 originem
1440 1368 1525 1415 do-

109 1437 303 1486 cuimus
342 1436 501 1501 supra.
622 1435 910 1502 Exindeque
963 1439 1129 1502 egredi
1169 1440 1374 1486 nimium
1416 1439 1570 1502 pro-5

109 1522 313 1572 perans,
356 1506 577 1554 exornari
610 1504 883 1570 sepulcrum
916 1508 1078 1554 statuit
1109 1508 1311 1568 Iuliani,
1354 1509 1405 1553 in
1441 1523 1525 1571 po-

111 1575 304 1623 moerio
332 1574 475 1622 litum
510 1575 724 1634 itineris,
765 1574 902 1639 quod
923 1575 985 1622 ad
1009 1576 1161 1622 Tauri
1180 1578 1360 1624 montis
1380 1593 1526 1639 angu-

111 1643 221 1692 stias
260 1642 423 1691 ducit:
457 1645 595 1691 cuius
623 1641 846 1707 suprema
876 1658 923 1690 et
953 1644 1167 1705 cinereS,
1212 1644 1248 1691 fi
1282 1645 1366 1710 qui
1407 1659 1524 1690 tunc

111 1713 233 1760 iuste
256 1712 547 1774 consuleret,
579 1730 680 1759 non
704 1713 772 1777 C)
778 1712 901 1758 dnus
920 1712 1085 1760 videre
1111 1713 1331 1770 deberet,
1361 1731 1528 1777 quam-

113 1783 186 1830 vis
213 1780 500 1845 giatiffimus
522 1781 676 1829 amnis
697 1795 744 1828 et
764 1781 1006 1846 liquidus:
1048 1781 1132 1829 sed
1155 1782 1216 1828 ad
1237 1801 1322 1847 per
1327 1795 1527 1846 petuan-

115 1851 230 1898 dam
249 1850 455 1915 gloriam
479 1863 608 1899 recte
637 1851 880 1898 factorum
901 1853 1308 1915 piaeteilauibere
1330 1849 1526 1898 Tiberis

112 1918 409 1966 intersecans
434 1921 609 1967 urbem
638 1933 908 1982 aeternam,
948 1919 1274 1986 divorumque
1306 1934 1525 1968 veterum

113 2001 432 2037 monumenta
459 2006 517 2052 pl
521 1988 827 2051 aestringens.

212 2058 250 2122 ⁵)
279 2055 474 2104 Deinde
505 2055 658 2104 Tarso
695 2057 970 2121 profectus,
1031 2056 1232 2104 extentis
1270 2052 1568 2102 itinciibusfi

117 2125 251 2175 venit
283 2123 524 2189 oppidum
553 2123 892 2190 Cappadociae
923 2124 1114 2190 Tyana:
1157 2124 1245 2170 ubi
1276 2124 1322 2170 ei
1349 2121 1524 2170 reveili

117 2193 396 2256 Procopius
430 2195 645 2241 notarius
677 2209 723 2241 ct
750 2193 1056 2241 Memoridus
1087 2193 1311 2239 tribunus
1356 2208 1526 2238 occur·

119 2276 235 2310 runt
252 2261 407 2325 gestoi
410 2279 592 2327 umque
608 2261 831 2326 aperiunt
838 2258 1198 2321 textum,hinc,
1220 2273 1273 2306 ut
1291 2258 1413 2306 ordo
1440 2276 1525 2322 po-

119 2329 300 2391 scebat,
322 2328 492 2389 exorfi,
520 2329 657 2394 quod
671 2331 971 2378 Lucillianus
984 2329 1319 2377 Mediolanum
1347 2325 1525 2390 ingres-

117 2399 196 2447 sus
227 2417 340 2446 cum
371 2367 652 2447 Seniaucho
687 2414 734 2447 et
763 2399 1104 2450 Valentiniano
1135 2397 1367 2457 tribunis,
1402 2412 1526 2458 qnos

122 2467 326 2516 duxerat
344 2466 532 2530 secum,
576 2466 803 2533 cognito,
845 2468 981 2534 quod
1011 2465 1308 2517 Malarichus
1343 2462 1528 2512 recula-

124 2538 193 2585 vit
215 2536 455 2603 suscipere
474 2538 826 2603 magisterium,
871 2536 1018 2584 effuso
1038 2534 1180 2582 enisu
1212 2533 1413 2598 petierat
1438 2533 1528 2580 Re-

125 2622 250 2655 mOS.
330 2607 393 2655 Et
416 2621 661 2674 tamquam
683 2607 735 2657 in
757 2610 855 2657 alto
874 2607 1028 2671 gentis
1046 2604 1234 2653 silentio
1248 2638 1264 2661 ,
1293 2616 1418 2652 extra
1440 2603 1528 2650 cal·
1543 2604 1573 2649 7

168 2772 211 2819 3)
234 2768 302 2807 ΜΓ.
339 2745 466 2809 eiecta.
515 2776 555 2820 4)
582 2772 651 2809 Ms.
683 2773 754 2810 die.
804 2775 848 2822 5)
878 2772 925 2808 al.
957 2769 1045 2807 Inde
