1727 3144
201 207 296 252 258
437 220 706 255 AMMtAnr
746 213 1138 253 MARCELL'ml
1174 219 1284 266 xxx,
1321 206 1368 252 5.
1404 208 1450 252 4.

201 330 530 379 hiemantibus
563 330 753 391 secum,
793 336 1073 396 negotium,
1113 344 1169 377 ut
1194 330 1426 395 poscebat
1458 329 1599 389 ratio,

151 405 548 450 Zcorreeturum.
647 401 748 458 Qui
787 420 900 448 cum
935 413 1121 446 mature
1158 418 1315 464 prope
1360 398 1603 463 oppidum

197 469 512 518 Sanctionem
541 469 764 533 veniss'ct,
810 471 955 533 longe
984 467 1110 516 visus
1151 487 1177 516 a
1223 468 1466 528 barbaris,
1516 467 1603 531 qui

196 538 294 584 iam
321 539 585 587 certamina
611 537 899 586 meditantes
929 536 1027 585 sese
1066 555 1154 602 per
1192 537 1340 585 valles
1385 536 1602 582 abdide—

198 621 329 653 rant:
395 608 713 672 hortatusque
756 608 933 655 milites
979 607 1095 654 lieet
1132 623 1338 653 numero
1376 605 1604 669 impares,

197 674 428 739 cupidine
471 690 634 723 tamen
676 675 925 740 pugnandi
978 675 1314 723 vehementius
1375 673 1605 733 initatos,

198 743 480 808 adgreditur
507 744 778 792 inconsulte
824 746 1122 806 Germanos,
1179 744 1403 807 interque
1447 742 1604 788 dimi-

198 813 342 861 candi
374 813 567 862 exordia
595 813 696 878 ipse
728 812 947 861 concidit
975 814 1194 859 omnium
1221 811 1433 876 primus:
1465 811 1604 857 euius

196 880 397 929 interitu
418 897 574 931 erecta
598 883 922 930 barbarorum
941 881 1148 941 fiducia,
1183 881 1512 943 Romanisque
1543 878 1604 925 ad

200 949 337 997 ducis
383 952 651 1000 vindictam
699 951 931 1012 accenlis,
980 965 1227 998 certamen
1279 948 1605 996 committitur

201 1019 492 1066 obstinatum
506 1055 522 1076 ,
557 1033 604 1065 et
635 1032 836 1081 urgente
867 1017 1215 1082 magnitudinis
1247 1019 1378 1065 mole
1413 1015 1606 1064 disiecti

199 1086 309 1134 sunt
329 1088 502 1149 nostri,
537 1086 703 1133 occifis
724 1087 893 1150 paucis
918 1101 964 1134 et
983 1087 1261 1134 vulneratis.

151 1153 183 1206 4
299 1157 424 1203 Cum
445 1155 543 1202 hoc
565 1154 895 1214 Vadomario,
930 1168 977 1201 et
1007 1153 1340 1202 Gundomado
1373 1156 1473 1202 eius
1502 1155 1609 1200 fra-

199 1237 296 1284 tre,
337 1224 510 1271 itidem
545 1240 684 1286 rege,
725 1222 1134 1288 Constantius-(ut
1164 1223 1261 1269 iam
1296 1225 1496 1270 relatum
1520 1224 1606 1288 est)

196 1294 474 1339 firmaverat
494 1309 680 1356 pacem.
721 1302 724 1303 ’
753 1290 867 1338 Post
886 1309 1008 1356 quae
1027 1305 1224 1339 mortuo
1257 1290 1608 1353 Gundomado,

197 1361 330 1407 hunc
355 1359 446 1407 fibi
464 1361 570 1408 fore
596 1359 864 1407 existimans
886 1360 1070 1422 fidum,
1102 1358 1498 1425 secretorumque
1528 1374 1610 1406 ta-

200 1430 445 1476 citurnum
467 1428 794 1495 exsecutorem
816 1441 863 1475 et
895 1430 929 1494 ¹)
950 1431 1223 1490 efficacem,
1262 1428 1527 1476 mandabat
1555 1429 1613 1492 (fi

200 1499 356 1546 famae
380 1499 528 1549 solius
554 1496 856 1547 admittenda
886 1498 952 1545 est
978 1497 1121 1564 fides)
1150 1496 1515 1561 scribebatque,
1556 1512 1612 1546 ut

202 1581 451 1632 tamquam
475 1569 515 1632 ²)
538 1581 681 1631 rupto
704 1566 997 1615 concordiae
1020 1580 1163 1631 pacto
1178 1604 1191 1627 ,
1219 1565 1427 1614 subinde
1460 1567 1612 1614 colli—

203 1637 340 1682 mitia
365 1636 455 1682 fibi
476 1636 634 1683 vicina
654 1649 866 1683 vexaret:
908 1654 1007 1701 quo
1043 1636 1261 1683 Iulianus
1289 1633 1343 1682 id
1370 1650 1614 1694 metuens,

154 1707 183 1752 5
203 1723 444 1768 nusquam
474 1724 500 1752 a
526 1704 678 1750 tutela
715 1702 987 1752 discederet
1030 1705 1317 1752 Galliarum.
1417 1705 1612 1760 Quibus

205 1775 278 1838 (ut
311 1774 512 1836 dignum
545 1773 609 1821 est
638 1771 856 1837 credere)
890 1775 1231 1837 obtemperans
1266 1771 1612 1834 Vadomarius,

202 1842 324 1887 haec
352 1856 398 1887 ct
418 1840 589 1887 fimilia
611 1844 946 1905 perpetrabat:
979 1841 1040 1888 ad
1061 1840 1481 1906 perstringendum
1509 1843 1610 1888 fal-

170 1920 172 1922 ’
201 1909 502 1973 lendumque
526 1910 660 1955 miris
681 1909 840 1957 modis
863 1913 923 1957 ab
950 1910 1118 1957 aetatis
1146 1909 1376 1972 primitiis
1411 1911 1608 1972 callens,

201 1994 257 2025 ut
287 1978 450 2041 postea
491 1995 688 2042 quoque
724 1977 953 2024 ducatum
987 1996 1075 2042 per
1117 1977 1400 2025 Phoenicen
1439 1995 1609 2042 legens

156 2055 185 2097 6
206 2046 434 2094 ostendit.
505 2045 606 2092 Sed
629 2064 679 2092 re
701 2045 803 2109 ipsa·
831 2046 1081 2095 convictus
1115 2046 1363 2091 abstinuit.
1451 2048 1608 2110 Capto

205 2116 335 2163 enim
361 2135 386 2162 a
405 2114 692 2161 stationariis
713 2114 949 2160 militibus
979 2114 1196 2174 notario,
1242 2131 1399 2177 quem
1416 2114 1610 2162 mileiat

203 2184 267 2232 ad
321 2183 679 2243 Constantium,
729 2181 1064 2248 Ῑσνυιειιοφιε,
1116 2180 1152 2227 h
1201 2182 1323 2245 quid
1374 2197 1607 2247 portaret,

205 2252 405 2318 epistola
438 2255 539 2299 eius
571 2265 761 2314 reperta
798 2251 888 2311 est,
923 2251 972 2297 in
1001 2270 1094 2316 qua
1122 2264 1312 2312 praeter
1345 2251 1434 2298 alia
1455 2253 1607 2300 multa

203 2323 258 2370 id
278 2339 477 2386 quoque
504 2319 777 2384 sciipl'erat:
834 2323 1011 2383 Caesar·
1044 2330 1149 2366 taus
1179 2321 1484 2383 (lseiplinam
1511 2338 1610 2367 non

203 2392 360 2438 habet.
433 2389 677 2436 Iulianum
704 2403 864 2435 autem
888 2387 1083 2435 adsidue
1107 2407 1193 2452 per
1226 2388 1408 2436 litteras
1438 2388 1607 2437 domi—

204 2478 318 2506 num
344 2473 390 2505 et
408 2457 680 2521 Augustum
709 2456 982 2520 adpellalmt
1001 2471 1047 2504 et
1069 2458 1246 2504 Deum.

160 2558 176 2582 1
305 2528 393 2574 IV.
429 2526 563 2573 Haec
584 2540 636 2572 ut
657 2540 790 2572 crant
812 2525 1079 2589 periculosa
1108 2540 1154 2572 ct
1176 2524 1324 2571 dubia
1340 2562 1352 2585 ,
1388 2524 1606 2572 Iulianus

204 2596 252 2641 in
287 2596 473 2642 exitiale
510 2595 692 2641 malum
725 2609 952 2658 eruptura
994 2593 1325 2653 considerans,
1369 2592 1419 2638 in
1451 2613 1606 2640 unum

205 2664 338 2710 omni
383 2663 679 2726 cogitatione
728 2663 940 2725 intenta,
984 2681 1096 2710 eum
1144 2664 1392 2710 incautum
1436 2677 1607 2727 rapere

255 2827 287 2870 1)
312 2825 379 2860 ΜΓ.
411 2824 640 2862 effac-nutem.
691 2828 733 2875 2)
761 2822 827 2860 ΜΓ,
859 2834 963 2872 rupto
993 2822 1074 2858 sanc
1097 2823 1268 2859 concord.
