1727 3144
254 140 676 177 coNs'rAN'rius
710 140 785 171 ΕΤ
822 140 1137 171 romanus.
1210 122 1496 170 558145

92 258 453 305 Sarmatarum:
507 261 644 317 'quos
682 250 963 316 repentinus
1008 248 1184 296 fefellit
1229 247 1500 313 adspectus,

95 325 298 390 gentiles
323 324 514 371 lembos
539 337 586 370 et
607 335 721 368 nota
748 319 947 383 remigia
977 317 1328 382 conspicantes,
1404 317 1500 363 Ubi
1520 321 1572 363 18

93 412 210 441 vero
263 393 438 458 procul
481 391 774 438 micantibus
816 389 951 450 telis,
995 386 1132 452 quod
1186 388 1502 446 verebantur,

91 462 425 527 propinquare
455 460 727 522 senserunt,
774 459 838 506 ad
864 457 922 522 ¹²)
950 455 1152 521 suffugia
1177 457 1402 504 locorum
1431 472 1505 519 pa-

91 531 314 579 lustrium
344 531 389 578 se
420 531 760 577 contulerunt:
803 543 984 591 eosque
1012 525 1243 591 sequutus
1286 526 1504 574 infestius

93 601 264 661 miles,
312 599 457 646 caesis
494 598 713 662 plurimis
754 597 824 643 ibi
867 597 1121 642 victoriam
1163 596 1366 659 reperit,
1417 592 1506 641 uhi

92 687 183 716 uec
215 683 355 716 caute
385 667 518 732 poss‘c
550 666 828 726 conlistere,
868 682 958 712 nec
988 664 1166 711 audere
1193 664 1382 728 aliquid
1403 680 1507 710 cre-

96 737 318 786 debatur.
391 736 504 783 Post
533 734 813 798 absumptos
848 750 1002 798 paene
1038 731 1336 798 diffusosque
1369 733 1576 801 Ami-19

93 805 284 867 censes,
319 805 461 869 petiti
481 803 588 851 suut
612 802 711 851 fine
738 821 875 851 mora
896 801 1146 863 Picenses,
1179 804 1245 849 ita
1268 820 1326 850 ex
1350 802 1507 866 regio-

95 877 241 923 nibus
284 873 514 937 adpellati
551 872 897 937 conterminis:
950 889 1073 936 quos
1113 871 1318 920 tutiores
1345 871 1506 918 fecere

92 944 339 992 sociorum
359 960 638 1003 aerumnae,
682 959 936 989 rumorum
969 940 1256 989 adliduitate
1285 959 1508 1006 comper-

93 1027 183 1061 tae.
257 1012 341 1059 Ad
361 1029 485 1076 quos
505 1010 858 1076 opprimendos
886 1012 1006 1076 (erat
1029 1010 1161 1058 enim
1192 1009 1401 1058 arduum
1438 1008 1508 1056 se·

95 1083 181 1147 qui
203 1100 289 1146 per
309 1081 496 1129 diversa
519 1079 828 1145 conspersos,
859 1079 1192 1145 imprudentia
1221 1080 1407 1127 viarum
1439 1097 1509 1124 ar-

94 1160 256 1217 cente)
285 1150 590 1198 Taifalorum
617 1150 875 1211 auxilium,
923 1165 970 1197 et
994 1149 1266 1196 liberorum
1290 1147 1507 1211 adaeque

93 1220 424 1268 Sarmatarum
449 1220 760 1285 adsumptum
793 1220 874 1266 est.
958 1219 1181 1282 Cumque
1216 1218 1506 1263 auxiliorum
1523 1237 1579 1266 20

97 1288 289 1351 agmina
316 1290 542 1335 locorum
579 1287 700 1334 ratio
730 1286 997 1350 separaret,
1041 1300 1221 1331 tractus
1251 1285 1509 1348 contiguos

100 1356 312 1405 Moefiae
339 1355 431 1402 fibi
459 1356 598 1403 miles
631 1356 800 1418 elegi13
839 1355 1011 1401 Taifali
1037 1354 1255 1417 proxima
1279 1354 1369 1401 suis
1386 1353 1509 1401 sedi-

100 1428 193 1473 bus
214 1425 533 1485 obtinebant3
564 1424 708 1472 liberi
733 1437 878 1471 terras
912 1437 1267 1487 occupaverant
1294 1441 1319 1471 e
1352 1424 1508 1489 regio-

103 1514 165 1542 ne
193 1494 282 1540 fibi
301 1493 562 1558 oppofitas.
1284 1488 1288 1490 ’

196 1564 251 1627 ¹³)
290 1563 585 1626 Limigantes
616 1562 772 1609 territi
844 1566 861 1627 )
894 1559 1171 1608 recentibus
1199 1560 1509 1609 subactorum
1524 1583 1575 1610 21

103 1632 337 1696 exemplis
360 1632 411 1696 ¹⁵)
434 1645 481 1678 et
502 1630 851 1694 prostratorum
865 1664 881 1686 ,
923 1629 1010 1675 diu
1039 1628 1336 1677 haefitahant
1363 1632 1513 1677 ambi-

103 1702 210 1766 guis
228 1700 500 1760 mentibus‚·
533 1714 698 1746 utrum
721 1711 1008 1763 oppeterent
1028 1716 1088 1745 an
1117 1713 1370 1763 rogarent,
1400 1717 1514 1746 cum

104 1771 360 1833 utriusque
400 1769 470 1815 rei
522 1768 838 1833 suppeterent
886 1766 1180 1815 documenta
1227 1786 1326 1816 non
1374 1769 1513 1816 levia.

104 1839 240 1887 Vicit
267 1852 427 1885 tamen
456 1836 520 1884 ad
549 1839 776 1885 ultimum
817 1851 963 1884 coetu
1004 1835 1251 1884 seniorum
1294 1852 1516 1901 urgente,

106 1906 323 1956 dedendi
341 1906 389 1954 fe
409 1905 690 1954 confilium:
714 1908 964 1971 variaeque
994 1907 1180 1970 palmae
1199 1906 1517 1954 victoriarum

106 1976 296 2024 accellit
317 1994 488 2023 eorum
509 1993 707 2042 quoque
727 1975 1042 2041 supplicatio,
1078 1975 1163 2040 qui
1195 1975 1338 2022 armis
1371 1977 1518 2024 liber-

107 2060 256 2093 tatem
288 2043 579 2092 invaserant:
630 2060 677 2093 et
704 2046 881 2111 reliqui
912 2062 1081 2092 eorum
1111 2063 1223 2090 cum
1269 2045 1516 2109 precibus,

106 2129 162 2162 ut
180 2113 431 2178 superatos
456 2128 504 2161 et
521 2114 742 2163 imbelles
761 2112 989 2163 dominos
1013 2112 1314 2177 adl'pcrnati,
1346 2114 1517 2161 fortio-

109 2184 245 2230 ribus
269 2182 377 2230 vifis
395 2182 686 2232 inclinavere
705 2185 934 2232 cervices.
1006 2183 1222 2246 Accepta
1244 2182 1408 2247 itaque
1428 2200 1514 2246 pun
1531 2204 1588 2234 22

108 2252 240 2300 blica
272 2249 397 2311 fide,
443 2264 491 2297 et
523 2252 714 2301 deserto
740 2254 983 2301 montium
1011 2254 1414 2316 propugnaculo,
1457 2250 1517 2296 ad

100 2320 261 2369 castra
280 2319 498 2366 Romana
516 2323 792 2369 convolavit
812 2340 981 2370 eorum
1006 2339 1115 2385 pars
1135 2320 1318 2378 maior,
1350 2318 1521 2366 diffusa

113 2407 200 2455 per
228 2387 375 2454 spatia
413 2389 571 2453 ampla
599 2408 910 2456 camporum,
949 2409 1064 2437 cum
1106 2388 1417 2453 parentibus,
1474 2402 1522 2435 et

113 2458 262 2518 natis,
298 2471 443 2522 atquc
476 2459 794 2523 coniugibus,
840 2476 1088 2525 opumque
1124 2457 1331 2515 vilitate,
1373 2474 1520 2522 quam

119 2528 188 2575 eis
227 2526 487 2574 celeritatis
523 2527 642 2575 ratio
685 2527 739 2594 ¹⁶)
780 2530 931 2577 furari
968 2524 1197 2592 permisit.
1288 2524 1376 2586 Et,
1433 2525 1518 2590 qui
1533 2535 1593 2580 23

803 1563 840 1587 ¹4

169 2715 226 2756 η)
259 2715 310 2747 al.
347 2712 523 2760 suffragia.
592 2716 648 2759 13)
683 2711 751 2747 Ms.
786 2713 1007 2748 Limiumoes.
1064 2712 1120 2754 14)
1146 2709 1191 2745 τὸ
1218 2708 1424 2743 recentibus
1450 2706 1517 2743 ΜΓ.

121 2757 230 2796 deest-
289 2762 346 2807 15)
373 2760 442 2797 Ms-
473 2771 509 2797 et
533 2760 722 2797 subactum
750 2758 1019 2808 prostratorum.
1071 2759 1128 2804 16)
1156 2754 1226 2790 ΜΓ.
1252 2755 1413 2791 futurari.
