1727 3144
239 159 304 204 48
473 174 740 207 ΑΜΜῙΑΝῙ
783 175 1173 208 MARCELLINI
1207 177 1290 222 xv,
1326 166 1371 208 4.

235 283 276 348 ⁷)
298 283 401 348 rapi
420 282 680 333 sublimes„
740 285 854 341 Quo
875 285 1004 333 sacto
1025 284 1214 333 delator
1232 286 1442 333 funestus
1456 323 1468 347 ,
1495 286 1642 334 vetita
1664 323 1670 327 .

239 369 297 399 ex
319 370 457 410 more
476 354 691 401 humano
716 353 921 401 validius
943 355 1172 418 cupiens,
1204 355 1404 403 biennio
1433 355 1484 402 id
1507 353 1644 420 quod

243 418 439 484 agebat,
482 437 537 470 ut
570 423 860 486 postularat,
905 422 1192 470 continuare
1232 439 1514 489 praeceptus
1560 424 1647 471 esta

176 489 411 538 10Miss‘us
442 491 590 556 igitur
626 491 690 539 ad
719 509 802 539 eos
834 491 1174 556 corripiendos
1195 492 1515 541 Teutomeres
1537 509 1647 558 pro-

238 572 396 606 tector
415 559 705 608 domesticus
724 579 836 609 cum
856 561 1069 626 collega,
1083 615 1087 620 ,
1102 561 1297 609 onustos
1320 580 1487 609 omnes
1520 575 1647 608 cate-

239 629 336 689 nis,
377 643 432 675 ut
461 629 745 677 mandatum
767 629 855 691 est,
900 630 1220 696 perducebat.
1292 630 1395 678 Sed
1421 631 1507 677 ubi
1535 649 1650 678 von«.

238 711 344 744 tum
374 698 439 745 est
469 699 776 764 Aquileiam,
823 699 861 765 ⁸)
894 698 1113 748 Marinus
1137 700 1359 747 tribunus
1383 718 1438 746 ex
1464 700 1644 763 eampi-

243 766 447 815 doctore
477 785 535 814 eo
565 782 789 832 tempore.
815 787 1012 830 vacans,
1060 775 1229 816 'auctor
1261 768 1520 834 perniciofi
1556 767 1640 814 [er-

243 836 428 897 monis,
472 850 519 883 et
553 838 773 902 alioquin
806 852 1006 885 naturae
1039 838 1298 900 ferventis,
1352 838 1403 884 in
1444 839 1646 885 taberna

242 904 463 966 relictus,
506 903 624 952 dum
652 921 880 970 parantur
909 908 1073 954 itineri
1102 907 1384 968 ueceffaria‚
1425 908 1465 972 ⁹)
1507 905 1648 953 lateri.
1713 920 1717 922 ’

172 1017 175 1020 ,
239 971 327 1020 suo
358 975 569 1021 cultrum
604 974 715 1021 casu
735 989 995 1039 arepertum
1027 976 1261 1040 impegit,
1294 976 1550 1040 statimque
1572 993 1648 1022 ex-

176 1042 407 1089 umetis
437 1043 665 1092 vitalibus
707 1044 905 1097 interiit.
997 1044 1191 1092 Residui
1230 1045 1365 1092 ducti
1408 1043 1650 1092 Mediola-

241 1129 384 1170 num,
418 1113 785 1177 excruciatique,
804 1114 1084 1170 tormentis,
1116 1128 1163 1160 ct
1195 1113 1395 1160 eonfeffi
1425 1113 1472 1161 vi
1505 1130 1651 1178 quae-

238 1178 433 1240 stionis,
476 1181 603 1228 inter
636 1182 800 1245 epulas
832 1184 1106 1245 petulanter
1136 1181 1182 1228 se
1214 1182 1454 1247 quaedam
1474 1183 1651 1247 loq-uu-

241 1262 344 1307 ·tos,
385 1248 489 1294 iuffi
523 1249 630 1296 sunt
665 1253 723 1314 ¹⁰)
757 1253 951 1297 attineri
973 1251 1261 1314 poenalibus
1282 1251 1524 1310 claustris,
1559 1248 1647 1296 sub

243 1316 562 1364 absolutionis
586 1318 746 1382 aliqua
767 1319 877 1382 spe,
917 1319 1032 1365 licet
1059 1321 1258 1365 incerta.
1339 1319 1649 1366 Protectores

243 1403 358 1432 vero
389 1384 702 1449 pron'unciati
732 1401 918 1435 vertere
948 1386 1106 1434 solum
1138 1386 1327 1448 exfilio,
1368 1402 1423 1434 ut
1452 1388 1648 1436 Marino

241 1454 420 1501 iisdem
449 1454 655 1503 consciis
687 1456 815 1504 mori
845 1455 1099 1520 permiffo,
1143 1456 1335 1509 veniam
1378 1456 1648 1506 Arbetione

244 1541 466 1571 meruere
492 1539 734 1587 precante.

209 1610 226 1636 1
345 1591 434 1639 IV.
468 1592 536 1638 Re
569 1592 665 1639 hoc
699 1591 849 1639 modo
880 1594 914 1657 ¹)
945 1593 1106 1654 finita,
1143 1594 1308 1656 paullo
1330 1590 1435 1657 post
1460 1607 1506 1640 et
1525 1592 1649 1639 Len-

245 1657 476 1708 tienfibus
516 1659 848 1713 Alamannicis
893 1661 1025 1724 pagis
1063 1661 1304 1708 indictum
1342 1662 1407 1709 est
1444 1662 1646 1722 bellum,

246 1727 497 1775 collimitia
526 1726 668 1793 saepe
706 1729 922 1776 Romana
953 1729 1093 1776 latius
1136 1730 1545 1794 irrumpentibus:
1586 1731 1652 1778 ad.

246 1813 393 1860 quem
428 1798 736 1861 procinctum
767 1798 1032 1862 imperator
1060 1798 1291 1861 egreffns,
1341 1800 1389 1844 in
1420 1799 1648 1846 Rhaetias

246 1881 544 1930 camposque
568 1867 700 1914 venit
731 1868 965 1914 Caninos:
1004 1881 1049 1913 et
1080 1866 1272 1930 digestis
1302 1867 1387 1914 diu
1419 1868 1648 1930 confinis,

247 1933 300 1980 id
322 1932 477 1981 visum
509 1935 574 1981 est
602 1935 857 1983 honestum
888 1950 934 1982 et
965 1937 1107 1996 utile,
1155 1951 1207 1982 ut
1241 1954 1298 1983 eo
1331 1955 1444 1983 cum
1478 1937 1645 1984 militis

243 2011 381 2068 parte
403 2002 612 2051 Arbetio
633 2005 853 2067 magister
876 2006 1121 2068 equitum2
1159 2024 1270 2051 cum
1305 2004 1541 2054 validiore
1572 2024 1648 2053 ex·-

248 2071 423 2118 ercitus
475 2091 621 2119 manu
668 2074 880 2137 relegens
919 2073 1158 2136 margines
1196 2075 1328 2121 lacus
1370 2074 1648 2137 Brigantiae

245 2155 493 2206 pergeret,
555 2142 776 2206 protinus
826 2143 1044 2189 barbaris
1095 2142 1453 2205 congr-effurus:
1508 2144 1646 2191 cuius

247 2210 345 2256 loci
375 2213 578 2273 figuram
607 2211 842 2271 breviter,
883 2226 1117 2276 quantum
1153 2212 1273 2259 ratio
1307 2212 1510 2276 patitur,
1565 2212 1643 2260 de-
1693 2269 1695 2272 Α

207 2276 459 2342 2fignabo.
531 2279 664 2326 Inter
685 2282 926 2328 montium
945 2280 1183 2327 celsorum
1209 2282 1466 2328 a111f1·actus
1486 2281 1525 2345 Ζ)
1559 2282 1647 2328 im-

1515 2369 1646 2397 mant

298 2508 335 2552 7)
361 2506 410 2540 al.
443 2504 611 2541 sublimes
637 2503 728 2540 tolli.
792 2507 829 2546 8)
852 2504 921 2539 Ms.
951 2505 1114 2539 Marinus
1145 2532 1153 2539 .
1182 2531 1190 2539 .
1219 2532 1227 2539 .
1261 2532 1269 2539 .
1305 2518 1347 2539 ex
1377 2506 1645 2552 Campiducto-

251 2565 301 2588 re.
348 2555 386 2598 9)
409 2550 511 2586 lateri
541 2578 548 2587 .
578 2577 586 2585 .
620 2577 628 2585 .
663 2578 670 2585 .
704 2549 869 2587 cultrum.
934 2556 994 2598 ιο)
1023 2552 1090 2586 ΜΓ.
1119 2552 1273 2586 attineri.
1303 2571 1346 2578 —
1383 2556 1414 2590 ι)
1443 2552 1510 2586 Ms.
1546 2554 1644 2587 finita

253 2624 390 2633 .....
414 2609 448 2632 et
478 2601 583 2633 Lent.
633 2602 668 2644 2)
702 2597 855 2645 impulsu
879 2598 1026 2632 immani
1047 2598 1165 2632 Rheni
1185 2622 1192 2630 .
1217 2624 1225 2633 .
1249 2624 1257 2631 .
1281 2623 1287 2630 .
1311 2623 1318 2629 .
1344 2623 1350 2629 .
1371 2623 1377 2630 .
1402 2599 1505 2645 pulos
1526 2610 1640 2634 exten-

251 2645 346 2678 ditur
369 2670 567 2680 .......
591 2657 655 2678 nes
683 2642 834 2692 adeptus
864 2655 901 2679 ut
928 2668 1062 2678 .....
1088 2654 1279 2678 cataractas
1308 2642 1540 2679 inclinatione
1566 2659 1645 2693 pre—

249 2691 343 2723 miri
366 2690 527 2725 Funditur
543 2690 668 2732 Nilu53
700 2700 734 2724 et
754 2717 760 2724 .
786 2717 794 2725 .
815 2721 822 2727 ,
844 2716 853 2724 .
876 2717 883 2724 .
908 2717 914 2724 .
937 2691 1008 2737 gari
1030 2690 1072 2724 ab
1093 2700 1172 2724 ortu
1196 2699 1333 2736 poterat
1353 2691 1395 2723 ad
1417 2693 1643 2739 primogenio

253 2737 367 2782 copiis
396 2736 569 2771 eduerans
594 2738 750 2784 propriis
777 2738 932 2771 inruenti
959 2747 1115 2770 curreret
1140 2735 1201 2770 liin
1231 2762 1237 2768 .
1269 2761 1277 2769 .
1305 2761 1312 2769 .
1346 2750 1501 2786 ,squam
1519 2739 1642 2774 liuenti

254 2806 421 2817 ......
449 2785 595 2830 lamque
618 2783 684 2819 ad.
699 2810 706 2817 .
731 2808 739 2817 .
761 2809 769 2817 .
792 2811 800 2818 ,
827 2811 832 2817 .
854 2783 986 2817 solutus
1005 2782 1146 2831 altaque
1165 2781 1327 2817 divortia.
