1727 3144
511 176 905 208 initiamus,
980 162 1096 209 562.
1406 176 1502 223 277

179 284 366 333 Aderat
384 284 462 333 his
489 285 718 333 omnibus
739 284 1088 346 PraetextatuS,
1125 284 1402 348 praeclarae
1427 286 1498 334 in·
1516 296 1546 341 6

78 354 207 402 dolis
230 355 577 420 gravitatisque
598 355 780 421 priscae
811 355 1033 412 senator,
1069 371 1125 402 ex
1154 354 1354 415 negotio
1384 373 1494 418 pro-

17 465 28 470 -
74 425 185 490 prio
212 425 340 472 forte
370 439 590 489 repertus
623 424 756 490 apud
799 422 1301 488 Constantinopolim,
1345 440 1492 486 quem

74 493 279 541 arbitrio
311 493 400 542 suo
438 494 656 543 Achaiae
691 492 1028 560 proconsulari
1069 492 1371 560 praefecerat
1408 510 1495 557 po-

78 562 260 611 testate.

171 631 278 680 Nec
308 644 499 689 tamen,
538 651 652 680 cum
683 632 989 698 corrigendis
1016 629 1244 679 civilibus
1273 629 1340 677 ita
1382 627 1490 677 dili·
1510 646 1539 690 7

72 715 242 765 genter
262 700 482 762 infun-‚et
518 701 678 748 omifit
699 701 978 749 castrenfia:
1013 715 1175 749 r·ect01
1180 718 1229 748 es
1247 698 1489 747 militibus

73 768 160 816 diu
211 770 486 833 exploiatos
541 768 819 834 adponens,
871 772 1018 818 urbes
1071 769 1342 836 quinetiam
1399 785 1489 832 per

72 837 307 886 Thracias
329 855 497 886 omnes
523 857 636 886 cum
668 840 984 887 munimentis
1015 856 1243 904 reparans
1277 836 1487 898 extimis,

69 924 344 972 curansque
369 904 604 966 sollicite,
645 927 706 957 ne
754 928 886 956 aima
928 910 1004 957 vel
1042 906 1359 966 indumenta,
1406 920 1491 953 aut

66 976 392 1042 stipendium,
429 978 508 1025 vel
529 978 759 1026 alimenta
781 977 994 1027 deeffent
1015 979 1118 1039 his,
1152 995 1275 1042 quos
1299 994 1386 1042 per
1414 974 1489 1023 su-

69 1046 272 1110 pe1cilia
309 1045 462 1094 Histri
506 1045 780 1111 dispersos,
835 1047 1213 1112 excursibusque
1254 1047 1490 1093 barbaro-

69 1134 178 1162 rum
201 1114 479 1194 oppositos,
511 1135 654 1181 agere
674 1118 933 1183 vigilanter
953 1117 1185 1165 audiebat
1210 1129 1258 1163 et
1274 1115 1484 1162 fortiter.

69 1185 208 1242 Quae
242 1203 357 1232 cum
394 1186 463 1234 ita
493 1185 765 1249 divideret,
805 1187 932 1234 nihil
958 1187 1149 1251 segnius
1181 1184 1260 1249 agi
1287 1182 1484 1248 permit·
1507 1191 1536 1234 8

67 1267 203 1302 tens:
244 1252 563 1302 suadentibus
598 1256 859 1320 ΡιοΧίηιίε,
903 1270 958 1303 ut
994 1255 1086 1319 adg
1075 1253 1344 1301 r'rederetui
1370 1268 1488 1315 pro-

67 1323 282 1388 pinquos
313 1323 510 1372 Gothos
541 1323 684 1389 saepe
714 1326 907 1373 fallaces
949 1338 996 1371 et
1036 1322 1278 1388 perfidos,
1323 1320 1485 1368 hostes

69 1409 304 1456 quaerere
347 1391 397 1440 se
436 1393 665 1440 meliores
711 1393 897 1441 aiebat:
958 1394 1054 1440 illis
1099 1392 1231 1439 enim
1266 1389 1488 1438 sufficere

67 1475 367 1508 mercatores
389 1462 584 1509 Galatas
600 1499 613 1523 ,
656 1480 744 1525 per
770 1480 892 1527 quos
916 1462 1100 1527 ubique
1124 1460 1222 1509 fine
1241 1457 1487 1508 conditio-

69 1530 143 1576 nis
166 1530 448 1578 discrimine
467 1531 843 1578 venumdamur.

166 1599 303 1646 Haec
333 1616 444 1646 eum
481 1613 732 1646 curantem
766 1613 815 1646 et
851 1599 965 1645 talia
1002 1594 1383 1647 commendabat
1412 1608 1532 1650 εὶς-9

70 1669 221 1716 ternis
249 1668 530 1717 nationibus
557 1668 710 1729 fama,
756 1681 811 1714 ut
847 1665 1165 1727 fortitudine,
1212 1663 1486 1721 sobrietate,

69 1737 291 1784 militaris
325 1736 395 1784 1ei
421 1735 650 1798 scientia,
690 1736 1026 1801 virtutumque
1069 1734 1294 1782 omnium
1331 1731 1488 1779 inme-

70 1806 243 1853 mentis
266 1805 534 1854 excelsum:
579 1806 928 1870 paullatimque
974 1802 1296 1868 progrediens
1331 1798 1486 1848 ambi-

69 1888 172 1922 tum
195 1876 488 1939 oppleverat
525 1874 715 1921 mundi.
795 1873 1012 1922 Proinde
1041 1874 1220 1922 timoie
1264 1870 1369 1920 eius
1403 1867 1485 1916 ad·
1511 1885 1560 1913 ιο

69 1958 240 1991 ventus
268 1962 355 2007 per
378 1942 615 1991 finitimos
638 1945 883 2009 longeque
909 1942 1136 1991 distantes
1164 1941 1312 1990 latius
1340 1939 1490 2003 expli-

67 2028 203 2074 cato,
247 2014 515 2077 legationes
546 2012 766 2078 undique
800 2011 1006 2078 ⁶)solito
1043 2014 1180 2061 ocius
1224 2024 1485 2059 concurie-

69 2082 214 2130 bant:
256 2082 374 2131 hinc
407 2082 807 2147 Transtigritanis
838 2099 1010 2147 pacem
1042 2079 1411 2131 obsecrantibus
1436 2090 1485 2123 et

75 2151 344 2211 Aimeniis‚
378 2150 494 2199 inde
525 2152 807 2200 nationibus
836 2153 876 2217 ⁷)
900 2150 1086 2199 Indicis
1117 2149 1341 2199 certatim
1368 2164 1482 2193 cum

70 2219 214 2266 donis
248 2219 504 2284 optimates
533 2222 840 2268 mittentibus
873 2235 984 2268 ante
1028 2235 1222 2284 tempus
1262 2217 1481 2277 abusque

74 2288 212 2336 Divis
244 2303 292 2336 ct
321 2287 627 2336 Serendivis:
671 2291 732 2336 ab
761 2290 954 2338 australi
987 2290 1126 2355 plaga
1159 2287 1221 2335 ad
1250 2284 1484 2333 famulan-

72 2356 190 2404 dum
219 2358 291 2405 rei
329 2357 572 2406 Romanae
612 2357 762 2406 semet
801 2359 1118 2407 offeientibus
1158 2354 1366 2404 Mauris:
1420 2353 1480 2399 ab

73 2427 318 2505 aquilone
325 2439 372 2474 et
393 2426 674 2492 legionibus
698 2427 836 2489 solis,
873 2446 958 2493 pei
981 2446 1098 2492 quas
1125 2427 1174 2472 in
1194 2441 1326 2471 male
1359 2420 1484 2469 Pha-

74 2495 129 2542 fis
164 2496 433 2560 accipitur,
481 2496 777 2560 Bosporanis
820 2497 1025 2561 aliisque
1061 2494 1265 2542 antehac
1305 2491 1484 2557 ignotis

72 2564 336 2630 legationes
355 2566 646 2613 vehentibus
666 2565 910 2632 lupplices
929 2580 983 2614 ut
1004 2583 1162 2612 annua
1179 2562 1480 2629 complentes

128 2795 173 2841 6)
201 2795 271 2835 ΜΓ,
299 2795 402 2833 solito
433 2796 523 2833 eius.
579 2799 617 2845 7)
647 2794 716 2834 ΜΓ.
747 2795 838 2831 divis
864 2805 901 2832 et
923 2795 1141 2833 Serendivis.
