1727 3144
221 166 314 211 542
437 175 705 210 ᾼΜΜΙΑΝῙ
755 172 1142 218 Mancinum
1184 173 1312 219 xxx,
1350 174 1394 203 2.
1440 162 1488 205 5‘.

219 287 417 355 pulosus
448 284 688 354 quaefitor
733 282 974 348 gestorum
1010 296 1140 331 recte
1176 284 1256 333 vel
1299 281 1478 344 secius,
1529 282 1628 332 hoc
1690 274 1713 335 -ξ

152 373 202 400 10
223 358 389 408 modo.
473 355 747 418 RemigiUS,
791 370 937 418 quem
968 353 1225 417 populanti
1260 353 1532 417 provincias
1559 370 1630 414 qe..
1658 381 1663 387 -

219 429 419 475 tulimus
452 424 634 474 Comiti
663 421 824 470 faviffe
857 421 1078 469 Romano
1100 458 1112 482 ,
1156 422 1408 487 postquam
1440 421 1542 469 Le'o
1576 421 1632 468 in

222 498 324 544 eius
345 498 510 544 locum
530 492 750 556 magister
772 490 863 539 ell'e
889 492 1052 554 coepit
1075 491 1348 539 officiorum
1361 527 1376 548 ‚
1415 509 1441 538 a
1463 507 1632 539 mune·

221 568 355 613 ribus
385 565 453 611 rei
478 565 698 628 publicae
719 561 813 607 iam
837 559 1112 625 quiescens,
1147 560 1357 625 negotiis
1383 559 1430 607 se
1463 559 1631 607 rurali-

223 636 313 681 bus
340 633 475 680 dedit
498 650 654 696 prope.-
684 630 1053 694 Mogontiacum
1087 629 1137 675 in
1171 629 1458 693 genitalibus
1488 629 1628 676 locis.

153 718 200 744 11
224 707 386 768 Quem
418 703 488 748 ibi
522 715 789 748 morantem
827 697 1068 759 securim,
1120 697 1161 762 ²)
1193 699 1462 762 praefectus
1498 715 1635 762 prae-

220 774 350 821 torio
387 771 680 819 Maximinus
711 766 953 815 reversum
984 766 1048 813 ad
1079 766 1234 813 otium
1275 766 1527 831 spernens,
1563 781 1633 814 nt

219 841 408 890 solebat
439 841 572 887 dirae
604 839 696 886 luis
727 837 823 883 ritu
860 835 1051 899 graffari
1087 852 1170 898 per
1203 836 1391 896 omnia,
1436 835 1633 884 laedere

221 910 407 969 modis,
446 909 623 973 quibus
654 918 865 970 poterat,
906 903 1199 950 adfectabat:
1252 918 1404 968 utque
1438 906 1635 954 rimare-

219 994 300 1041 tur
335 979 497 1042 plura,
540 991 662 1041 quae
689 973 931 1032 latebant,
973 971 1246 1018 Caesarium
1288 974 1488 1021 antehac
1531 974 1634 1022 eius

223 1045 567 1104 domesticum,
609 1042 771 1107 postea
817 1040 1061 1087 notarium
1099 1036 1363 1104 Priffcipis,
1395 1056 1634 1107 κιἰιρῑωῃ,

225 1133 348 1180 quae
379 1114 626 1174 Remigius
659 1110 833 1174 egerit,
889 1109 965 1156 vel
1003 1122 1237 1173 quantum
1267 1112 1533 1175 acceperit,
1580 1126 1638 1159 ut

226 1184 434 1231 Romani
475 1183 663 1229 iuvaret
702 1194 836 1227 actus
878 1177 1132 1238 infandos,
1179 1195 1265 1242 per
1305 1179 1638 1243 quaestionem

158 1277 209 1304 12
228 1266 478 1302 cruentam
500 1250 846 1313 interrogabat.
920 1247 1113 1303 Quibus
1135 1246 1218 1295 ille
1245 1249 1455 1311 cognitis
1471 1286 1484 1310 ,
1520 1268 1636 1302 cum
1698 1256 1713 1261 ⁸

230 1322 368 1383 ess‘et,
403 1335 458 1368 ut
483 1318 795 1383 dictumest,
836 1317 884 1363 in
917 1316 1124 1378 seceffix,
1164 1316 1459 1366 conscientia
1490 1319 1638 1366 malo-

231 1410 340 1440 rum
378 1404 606 1455 urgente,
660 1389 736 1437 vel
773 1388 807 1451 ³)
837 1387 1073 1433 rationem
1114 1385 1379 1434 formidine
1417 1382 1641 1452 l'uperan-
1694 1442 1698 1445 μ

231 1475 282 1509 te
307 1460 681 1521 calumniarum,
727 1456 964 1503 innodato
1001 1468 1194 1519 gutture
1233 1456 1397 1522 laquei
1435 1458 1639 1506 nexibus

232 1543 432 1578 interut.

190 1620 208 1648 1
328 1599 424 1647 III.
456 1598 678 1662 Sequuto
704 1594 808 1660 post
836 1594 957 1642 haec
989 1611 1142 1655 ann-o,
1188 1593 1425 1641 Gratiano
1455 1592 1641 1643 adscito

230 1670 280 1716 in
303 1670 496 1716 trabeae
519 1666 796 1714 societatem
817 1663 1018 1728 Equitio
1040 1661 1235 1710 consule
1250 1701 1262 1723 ,
1298 1663 1642 1712 Valentiniano

231 1738 337 1803 post
371 1737 570 1784 vastatos
596 1736 786 1799 aliquos
827 1732 1142 1780 Alamanniae
1183 1749 1332 1796 pagos
1372 1733 1644 1780 munimen-

233 1820 336 1854 tum
357 1804 631 1853 aedificanti
657 1821 811 1867 prope
829 1801 1081 1861 Bafiliam,
1128 1801 1264 1866 quod
1294 1801 1540 1865 adpellant
1569 1821 1644 1850 ac-

234 1875 371 1922 colae
403 1876 599 1933 Robuer,
645 1875 846 1920 offertur
884 1871 1113 1935 praefecti
1148 1871 1317 1917 relatio
1341 1870 1514 1930 Probi,
1556 1869 1639 1918 d'o.

188 1963 217 1993 2
236 1943 387 1991 centis
412 1943 594 2006 Illyrici
617 1942 792 1988 cladeS.
867 1940 1058 1995 Quibus
1080 1934 1187 2000 ille,
1218 1953 1271 1986 ut
1306 1952 1642 1987 cunctatorem

237 2011 466 2059 decuerat
485 2010 685 2068 ducem,
718 2008 1032 2054 examinatius
1054 2007 1215 2067 lectis,
1250 2008 1483 2054 attonitus
1510 2009 1642 2073 ‘cog-i.

235 2080 502 2128 tationibus
537 2077 711 2137 anxiis,
755 2075 1046 2122 Paterniano
1085 2075 1277 2122 notario
1312 2074 1450 2122 miffo
1494 2094 1641 2140 nego-

232 2151 359 2198 tium
389 2145 665 2211 scrupulosa
698 2143 929 2210 quaelivit
957 2143 1209 2208 indagine:
1265 2162 1476 2208 moxque
1516 2146 1641 2193 veris

233 2236 323 2284 per
343 2236 452 2265 eum
475 2215 656 2262 nuntiis
679 2214 918 2278 gestorum
940 2214 1172 2276 acceptis,
1208 2214 1398 2260 evolare
1419 2214 1640 2276 protinus

238 2290 274 2352 ¹)
297 2286 577 2346 festinabat,
609 2283 745 2331 ausos
778 2297 1013 2330 temerare
1044 2282 1248 2330 limitem
1281 2283 1514 2329 barbaros
1548 2283 1642 2347 pri-

239 2374 321 2404 mo
343 2357 559 2420 fragore,
594 2367 649 2401 ut
680 2367 837 2399 mente
868 2365 1183 2415 conceperat,
1216 2350 1542 2414 ¹oppress'urus
1571 2370 1642 2399 ar·-

192 2438 448 2481 3morum.
532 2423 660 2479 Quia
690 2422 836 2485 igitur
870 2422 1076 2467 abeunte
1112 2434 1345 2467 autumno
1379 2421 1527 2466 multa
1556 2420 1643 2466 im·-

242 2494 507 2559 [rediebant
528 2506 574 2540 et
597 2490 775 2555 aspera,
803 2489 1142 2536 adnitebantur
1165 2506 1331 2536 omnes
1357 2506 1440 2552 per
1461 2490 1641 2551 regiam

243 2564 526 2628 optimates,
565 2575 619 2608 ut
651 2559 866 2625 adusque
898 2560 937 2624 ²)
959 2558 1256 2623 principium
1295 2557 1418 2605 veris
1452 2572 1641 2605 oratum

288 2751 325 2785 ολ
349 2750 398 2782 al.
439 2748 611 2796 praefecit
639 2747 829 2794 praetorio.
883 2746 920 2787 5)
947 2745 1013 2779 ΜΓ.
1046 2745 1181 2780 ratione
1210 2742 1451 2778 formidinem.
1509 2740 1542 2782 1)
1569 2738 1635 2775 ΜΓ,

243 2795 430 2832 {hstium-et.
471 2800 507 2842 2)
536 2793 600 2842 Ml}
625 2795 832 2842 principum
857 2803 993 2827 oratum
1018 2805 1098 2827 eum
1123 2792 1350 2838 peicipcrent
1378 2798 1412 2822 et
1440 2796 1633 2822 exoratum.
