1727 3144
254 167 351 212 224
502 177 1202 218 AMMMM‘MARcEme
1235 181 1329 223 xx,
1380 182 1426 228 9.
1464 184 1541 217 ιο.

249 306 375 353 tem,
430 304 477 340 et
509 288 749 357 quosdam
777 288 916 352 alios,
950 301 1005 336 ut
1037 287 1127 338 fibi
1162 289 1280 338 utile
1311 290 1571 342 videbatur
1605 307 1657 345 et
1698 316 1703 320 ‘

248 375 423 410 tutum.

201 455 229 497 9
348 429 410 482 Et
440 427 696 494 quoniam,
741 443 852 473 cum
882 425 1003 474 haec
1030 426 1097 474 ita
1122 428 1475 491 procederent,
1514 430 1667 480 time«.

242 499 387 547 batur
411 497 707 562 Lupicinus,
738 495 854 543 licet
877 494 1046 543 absens
1061 534 1073 557 ,
1117 515 1359 562 agensque
1382 501 1527 547 ctiam
1548 515 1655 549 tum

242 565 372 632 apud
390 567 664 625 Britannos,
693 565 846 612 homo
868 563 1106 632 superbae
1127 568 1302 615 mentis
1329 583 1375 615 et
1400 569 1654 633 turgidae3

246 650 444 702 eratque
467 634 703 700 suspicio,
750 633 912 698 quod,
950 634 987 680 fi
1009 635 1129 683 haec
1149 649 1280 684 trans
1304 656 1435 685 mare
1460 636 1657 685 didicis-

241 705 342 766 set,
397 723 634 752 novarum
665 721 828 751 rerum
861 703 1084 751 materias
1114 706 1371 753 excitaret:
1436 708 1654 755 notarius

240 774 517 822 Bononiam
538 773 772 832 mittitur,
809 770 1148 820 observaturus
1172 772 1377 822 sollicite
1392 812 1404 835 ,
1439 794 1500 823 ne
1522 777 1656 840 quis-

243 862 389 907 quam
420 844 598 889 fretum
627 840 797 889 oceani
828 840 1031 889 transire
1066 843 1443 905 permitteretur.
1537 846 1654 902 Quo

241 912 393 960 vetito
409 948 422 973 ,
455 910 670 958 reversus
693 909 963 973 Lupicinus
978 946 991 970 ,
1036 924 1292 975 antequam
1316 913 1494 961 horum
1515 914 1658 979 quid·-

242 999 389 1046 quam
410 978 578 1040 sciret,
616 977 655 1042 ⁶)
683 979 836 1024 nullas
859 978 987 1025 ciere
1009 979 1170 1043 potuit
1191 982 1372 1028 turbas.

197 1068 217 1096 x
343 1049 408 1095 X.
445 1048 661 1093 Iulianus
694 1060 856 1093 tamen
882 1043 1211 1096 iarn'celliore
1242 1049 1436 1097 fortuna
1466 1050 1656 1099 militis-

241 1135 337 1182 que
373 1115 556 1163 fiducia
586 1114 784 1174 laetior,
829 1131 890 1160 ne
935 1113 1280 1179 intepesceret,
1331 1137 1450 1167 neve
1500 1134 1553 1167 ut
1585 1140 1656 1169 re.

239 1185 404 1233 mill'us
437 1196 719 1246 argueretur
753 1195 800 1229 et
835 1179 993 1242 deses,
1027 1183 1196 1245 legatis
1232 1186 1292 1231 ad
1319 1188 1655 1237 Constantium

239 1253 411 1314 millis,
443 1253 495 1298 in
516 1252 723 1299 limitem
757 1250 1048 1298 Germaniae
1075 1250 1313 1300 secundae
1335 1255 1400 1301 est
1421 1257 1653 1320 egrelsus:

244 1322 477 1386 oninique
512 1319 775 1385 adparatu,
830 1337 978 1384 quem
1009 1320 1468 1383 flagitabatfinstans
1508 1343 1656 1390 nego·-

242 1393 390 1450 tium,
432 1393 467 1457 1)
488 1388 846 1448 communitus,
881 1388 1210 1437 Tricensimae
1244 1392 1431 1455 oppido
1456 1398 1655 1459 propin·

195 1481 223 1509 2
245 1462 438 1527 quabat.
508 1459 685 1506 Rheno
704 1458 744 1522 ²)
781 1455 955 1505 exinde
985 1459 1256 1506 transmill'o
1298 1462 1547 1525 regionem
1582 1464 1657 1512 su-

239 1531 346 1578 bito
373 1527 577 1594 pervalit
600 1528 924 1586 Francorum,
952 1544 1075 1591 quos
1095 1526 1346 1577 Attuarios
1369 1529 1560 1595 vocant,
1583 1534 1656 1580 in-

240 1600 523 1663 quietorum
551 1595 840 1654 hominum,
884 1595 1109 1642 licentius
1145 1597 1286 1644 etiam
1320 1612 1422 1645 tum
1459 1619 1656 1666 percu-2..

240 1668 448 1715 santium
478 1665 653 1711 extima
685 1663 975 1710 Galliarum.
1074 1664 1213 1719 Quos
1251 1665 1450 1715 adortus
1486 1669 1651 1719 subito

240 1735 369 1782 nihil
405 1747 674 1780 metuentes
710 1731 909 1791 hostile,
979 1732 1015 1794 ³)
1063 1733 1368 1800 nimiumque
1427 1739 1650 1804 securos,

243 1803 381 1869 quod
403 1801 631 1865 scruposa
661 1800 847 1848 viarum
879 1799 1163 1849 difficultate
1199 1819 1416 1866 arcente,
1461 1811 1651 1858 nullum

238 1872 301 1921 ad
329 1871 439 1918 suos
474 1888 623 1935 pagos
651 1868 866 1917 introiss'e
897 1869 1217 1918 meminerant
1248 1873 1543 1939 principem,
1575 1878 1649 1926 su-

229 1940 429 2007 speravit
457 1938 654 2003 negotio
688 1938 812 1998 levi,
851 1939 1103 2001 captisque
1132 1940 1354 2002 plurimis
1385 1956 1432 1989 et
1458 1947 1648 2008 occifis,

244 2010 494 2058 orantibus
528 2007 660 2067 aliis,
704 2006 789 2070 qui
819 2005 1123 2069 superfuere,
1160 2025 1332 2070 pacem
1362 2027 1422 2057 ex
1441 2015 1647 2065 arbitrio

246 2077 407 2139 dedit,
438 2078 534 2124 hoe
568 2074 787 2139 prodell'e
824 2073 1162 2138 poll'essbribus
1197 2077 1416 2125 finitimis
1447 2084 1647 2132 arbitra.

196 2154 336 2197 Ztus.
447 2144 592 2192 Unde
632 2142 844 2191 reversus
891 2143 995 2206 pari
1032 2144 1276 2191 celeritate
1318 2164 1403 2209 per
1435 2153 1643 2215 flumen,

241 2214 574 2281 praesidiaque
617 2212 786 2259 limitis
825 2212 1075 2275 explorans
1117 2212 1375 2276 diligenter
1419 2234 1466 2265 et
1495 2224 1646 2270 corri-

242 2303 385 2349 gens,
430 2283 647 2347 adusque
677 2281 917 2328 Rauracos
953 2280 1106 2328 venit:
1148 2282 1368 2347 locisque
1391 2302 1645 2354 recupera-

242 2354 330 2412 tis,
366 2370 488 2419 quae
512 2353 629 2399 olim
651 2350 844 2398 barbari
862 2350 1127 2412 intercepta
1150 2351 1421 2401 retinebant
1449 2371 1501 2403 ut
1532 2378 1644 2421 pro.

239 2423 370 2487 pria,
407 2420 679 2485 iisdemque
712 2418 930 2483 pleniore
956 2437 1068 2464 cura
1094 2420 1319 2482 firmatis,
1357 2440 1444 2485 per
1469 2426 1642 2475 Besan-

240 2491 426 2539 tionem
448 2491 688 2539 Viennam
715 2487 1013 2535 hiematurus
1042 2487 1273 2536 abscessit.

1408 2560 1502 2607 XI.
1541 2562 1640 2612 Hic

605 2643 829 2652 ————--·
1309 2638 1323 2657 a

281 2752 319 2794 6)
351 2750 418 2784 Ms.
455 2750 585 2786 nullus.
638 2749 774 2797 13Ms.
809 2750 1047 2785 communitus
1082 2747 1364 2785 Olmicenfimae
1397 2751 1550 2801 oppido.
1598 2754 1637 2800 2)

237 2797 289 2835 al,
312 2796 456 2830 deinde.
506 2800 541 2842 5)
570 2799 619 2831 nl.
649 2798 796 2831 nimium
830 2797 886 2832 liv.
1546 2800 1550 2803 ’
