1727 3144
229 154 485 190 VALENT.
530 154 663 197 VAL.
701 153 773 184 ET
815 153 1115 187 GRATIAN.
1191 142 1304 186 568.
1398 144 1495 201 449

79 265 241 331 quod,
279 265 315 311 fi
336 266 443 329 quis
465 282 573 311 eum
598 262 766 311 adiffet
791 260 1030 310 iudicium
1061 265 1272 326 potentis
1302 265 1490 315 inimici

80 334 352 394 declinans,
393 334 637 398 aliumque
668 333 760 379 libi
794 332 1034 397 postulans
1069 331 1206 378 dari:
1261 333 1356 379 hoc
1391 354 1488 382 nou

77 405 364 468 impetrato,
421 402 483 449 ad
536 402 791 463 eumdem,
853 420 998 465 quem
1052 401 1325 460 metuebat,
1374 402 1490 451 licet

21 508 27 514 -
78 473 230 519 multa
266 471 601 537 praetenderet
636 471 776 532 iusta,
797 498 802 503 ·
826 471 1176 518 remittebatur.
1262 470 1486 535 Itemque

79 540 213 589 aliud
243 542 531 588 audiebatur
573 539 906 596 horrendum,
962 539 1123 604 quod,
1171 538 1256 585 ubi
1291 539 1488 586 'debito-

79 629 187 656 rum
213 611 423 675 aliquem
443 609 646 674 egestate
667 609 950 656 obstrictum
976 609 1098 654 mhil
1131 606 1333 655 reddere
1355 608 1487 673 poffe

80 678 361 739 dicebatur,
394 679 602 725 interfici
626 679 805 724 debere
833 678 1193 740 pronuntiabat.

183 748 318 795 Haec
341 761 502 794 autem
526 760 572 792 et
593 745 759 790 [imilia
778 745 981 791 licenter
1014 745 1128 792 ideo
1159 745 1330 793 altiore
1363 747 1485 794 fastu
1505 764 1531 804 9

77 816 278 880 quidam
315 814 564 877 Principes
599 826 771 876 agunt,
818 812 955 878 quod
990 814 1156 860 amicis
1191 816 1488 864 emendandi

75 883 211 931 secus
242 884 448 946 cogitata
492 883 567 930 vel
604 882 730 944 gesta
769 882 963 946 copiam
1004 897 1206 946 negant:
1259 883 1486 933 inimicos

76 953 217 1017 loqui
251 966 433 999 tetrent
465 950 784 1015 amplitudine
828 951 1086 1014 potestatis.
1170 951 1315 998 Nulla
1348 969 1487 1002 vacat

78 1021 291 1089 quaestio
315 1022 602 1091 piavitatum
624 1018 757 1082 apud
776 1037 884 1080 eos,
930 1020 1040 1084 qui,
1082 1019 1220 1084 quod
1251 1019 1290 1085 ⁶)
1314 1023 1487 1071 volunt

25 1130 31 1137 ,
76 1089 192 1154 ipfi,
223 1091 452 1137 maximas
476 1102 643 1152 putant
663 1087 754 1135 effe
779 1088 995 1135 viitutes.

188 1159 328 1207 VIII.
358 1157 643 1205 P1oteetus
633 1171 794 1221 1taque
816 1160 875 1204 ab
902 1157 1181 1219 Ambiauis,
1221 1159 1482 1207 Treveros·
1502 1183 1528 1217 13

80 1246 175 1295 que
200 1227 449 1287 festinans,
488 1226 659 1273 nuntio
686 1227 965 1289 percellitur
988 1228 1141 1291 gravi,
1180 1230 1261 1292 qui
1294 1230 1482 1276 Britan-

77 1300 181 1345 nias
211 1296 460 1342 iudicabat
501 1295 748 1341 barbarica
776 1296 1135 1360 conspiratione
1172 1296 1234 1342 ad
1260 1298 1484 1346 ultimam

78 1379 266 1415 vexatas
288 1365 531 1428 inopiam:
577 1363 992 1428 Nectaridumque
1029 1366 1272 1412 Comitem
1308 1367 1486 1413 mariti-

79 1436 147 1483 mi
176 1446 355 1481 ‘tractus
387 1432 624 1494 occisum,
677 1446 723 1479 et
756 1434 789 1497 ¹)
819 1434 1154 1480 Fullofaudem
1190 1433 1363 1481 ducem
1396 1435 1487 1482 ho-

77 1504 220 1552 stium
247 1501 430 1549 inlidiis
459 1501 859 1549 circumventum.
942 1503 1134 1558 Quibus
1165 1521 1337 1566 magno
1372 1522 1533 1562 cum-2

79 1574 287 1620 horrore
309 1571 595 1634 compertis,
626 1571 860 1617 Severum
886 1572 1028 1616 etiam
1057 1585 1160 1616 tum
1198 1573 1488 1620 domestico-

81 1661 190 1691 ium
214 1640 455 1688 Comitem
480 1639 629 1699 milit,
660 1639 695 1684 11
718 1640 817 1686 fois
840 1638 999 1685 calum
1025 1638 1226 1686 dediffet
1248 1655 1488 1704 optatum,

84 1724 419 1759 collectitium
444 1708 634 1772 lequius
660 1708 808 1769 gesta:
844 1727 941 1771 quo
970 1709 1133 1771 paullo
1160 1709 1317 1772 postea
1353 1728 1488 1757 revo-

84 1793 211 1839 cat0,
246 1778 446 1826 Iovinus
458 1777 624 1825 eadem
638 1778 745 1823 loca
761 1778 1021 1840 protectus,
1060 1777 1165 1841 Ζ)Ρι
1181 1796 1294 1824 over
1299 1779 1488 1827 tuidem

85 1849 233 1897 celeri
254 1846 406 1911 gtadu
435 1846 698 1910 praeludit,
733 1844 1026 1892 adminicula
1053 1846 1287 1909 petiturus
1309 1848 1488 1894 exerci-

85 1934 160 1966 tus
185 1916 349 1964 validi.
384 1915 446 1962 Id
471 1915 600 1962 euim
622 1915 844 1960 instantes
871 1914 1166 1960 uecel'litates
1178 1917 1389 1978 flagitare
1407 1919 1488 1962 fir-

83 1987 296 2035 mabant.
376 1984 626 2031 Postremo
662 1984 726 2029 ob
761 1984 907 2028 multa
943 1996 989 2029 et
1026 1984 1312 2044 metuenda,
1360 1996 1530 2047 quaeg

85 2056 227 2120 super
263 2052 434 2101 eadem
475 2052 624 2099 insula
671 2069 887 2098 rumores
938 2051 1122 2098 adlidui
1162 2054 1486 2115 perferebant,

30 2169 39 2173 -
90 2126 269 2174 electus
291 2120 733 2184 Theodoliusvilluc
766 2137 1024 2184 properare
1050 2120 1352 2183 disponitur,
1386 2123 1488 2166 offi-

90 2193 178 2242 ciis
203 2190 387 2238 Martiis
405 2189 671 2237 felieil'lime
692 2190 914 2252 cognitus
934 2208 943 2235 ι
981 2189 1255 2252 adscitaque
1275 2187 1491 2236 animosa

88 2264 336 2325 legionum
361 2271 409 2305 et
431 2258 710 2305 cohortium
744 2258 778 2322 ³)
801 2260 956 2321 pube,
995 2259 1063 2305 ire
1098 2256 1327 2304 tendebat
1354 2274 1488 2321 prae-

94 2344 238 2381 eunte
264 2326 444 2375 fiducia
466 2325 692 2391 speciosa.

189 2399 251 2445 Et
292 2396 548 2461 quoniam,
600 2414 713 2441 cum
761 2396 1030 2443 Constantis
1071 2394 1309 2458 Principis
1356 2402 1542 2458 3011134»

94 2483 467 2532 componerem,
524 2477 683 2511 motus
732 2463 1048 2512 adulescentis
1104 2478 1151 2510 et
1204 2462 1490 2511 lenelcentis
1528 2500 1533 2507 .

99 2536 293 2599 oceani,
335 2533 575 2599 [itumque
605 2532 882 2581 Britanniae
917 2551 1005 2597 pro
1039 2547 1185 2596 captu
1213 2532 1389 2580 virium
1415 2551 1490 2580 ex-

144 2723 181 2764 6)
215 2724 258 2759 τὸ
288 2722 355 2769 ipfi
392 2720 488 2756 deest
518 2721 663 2768 (11.1)
699 2723 764 2760 Ms
806 2721 1088 2760 effullosaudem.
1153 2726 1188 2771 2)
1223 2722 1291 2759 ΜΓ,
1329 2723 1499 2759 Ρῑονεηυ

106 2767 158 2802 ich
160 2781 213 2801 m
272 2777 307 2816 z)
338 2770 400 2806 Μ1.
429 2768 573 2816 1›·ubttc·
584 2781 601 2803 θ’
636 2771 731 2803 t‹·n‹.l
893 2818 956 2863 2¹1·
