<?xml version="1.0" encoding="UTF-8"?>
<!DOCTYPE html PUBLIC "-//W3C//DTD XHTML 1.0 Transitional//EN"
    "http://www.w3.org/TR/xhtml1/DTD/xhtml1-transitional.dtd">
<html xmlns="http://www.w3.org/1999/xhtml" xml:lang="en" lang="en">
 <head>
  <title>
</title>
<meta http-equiv="Content-Type" content="text/html;charset=utf-8" />
  <meta name='ocr-system' content='tesseract 3.04.00' />
  <meta name='ocr-capabilities' content='ocr_page ocr_carea ocr_par ocr_line ocrx_word'/>
</head>
<body>
  <div class='ocr_page' id='page_1' title='image "ammianimarcellin01ammiuoft_0468.png"; bbox 0 0 1727 3144; ppageno 0'>
   <div class='ocr_carea' id='block_1_1' title="bbox 231 177 1461 232">
    <p class='ocr_par' dir='ltr' id='par_1_1' title="bbox 231 177 1461 232">
     <span class='ocr_line' id='line_1_1' title="bbox 231 177 1461 232; baseline 0.001 -11"><span class='ocrx_word' id='word_1_1' title='bbox 231 178 325 222; x_wconf 80' lang='lat'>282</span> <span class='ocrx_word' id='word_1_2' title='bbox 469 190 746 222; x_wconf 60' lang='lat' dir='ltr'>amittam</span> <span class='ocrx_word' id='word_1_3' title='bbox 799 190 1188 222; x_wconf 57' lang='lat' dir='ltr'>manentiam</span> <span class='ocrx_word' id='word_1_4' title='bbox 1236 190 1367 232; x_wconf 75' lang='lat' dir='ltr'>xxix,</span> <span class='ocrx_word' id='word_1_5' title='bbox 1413 177 1461 222; x_wconf 82' lang='lat'>8.</span> 
     </span>
    </p>
   </div>
   <div class='ocr_carea' id='block_1_2' title="bbox 143 297 1654 2147">
    <p class='ocr_par' dir='ltr' id='par_1_2' title="bbox 143 297 1654 2147">
     <span class='ocr_line' id='line_1_2' title="bbox 226 297 1635 366; baseline -0.002 -18"><span class='ocrx_word' id='word_1_6' title='bbox 226 301 364 349; x_wconf 88' lang='lat' dir='ltr'>cuius</span> <span class='ocrx_word' id='word_1_7' title='bbox 387 319 412 349; x_wconf 89' lang='lat' dir='ltr'>e</span> <span class='ocrx_word' id='word_1_8' title='bbox 432 301 629 366; x_wconf 83' lang='lat' dir='ltr'><strong>regione</strong></span> <span class='ocrx_word' id='word_1_9' title='bbox 653 300 719 348; x_wconf 77' lang='lat' dir='ltr'>eft</span> <span class='ocrx_word' id='word_1_10' title='bbox 741 300 1108 363; x_wconf 76' lang='lat' dir='ltr'>Crioume-topon</span> <span class='ocrx_word' id='word_1_11' title='bbox 1131 297 1369 347; x_wconf 82' lang='lat' dir='ltr'>Tauricae</span> <span class='ocrx_word' id='word_1_12' title='bbox 1402 315 1635 364; x_wconf 87' lang='lat' dir='ltr'>promun-</span> 
     </span>
     <span class='ocr_line' id='line_1_3' title="bbox 225 365 1634 433; baseline -0.004 -15"><span class='ocrx_word' id='word_1_13' title='bbox 225 372 434 431; x_wconf 81' lang='lat' dir='ltr'>torium,</span> <span class='ocrx_word' id='word_1_14' title='bbox 478 371 672 417; x_wconf 87' lang='lat' dir='ltr'>duobus</span> <span class='ocrx_word' id='word_1_15' title='bbox 707 369 924 416; x_wconf 82' lang='lat' dir='ltr'>millibus</span> <span class='ocrx_word' id='word_1_16' title='bbox 960 381 1007 414; x_wconf 87' lang='lat' dir='ltr'>et</span> <span class='ocrx_word' id='word_1_17' title='bbox 1038 368 1314 433; x_wconf 82' lang='lat' dir='ltr'>quingentis</span> <span class='ocrx_word' id='word_1_18' title='bbox 1343 367 1504 416; x_wconf 85' lang='lat' dir='ltr'>stadiis</span> <span class='ocrx_word' id='word_1_19' title='bbox 1539 365 1634 413; x_wconf 85' lang='lat' dir='ltr'>dis-</span> 
     </span>
     <span class='ocr_line' id='line_1_4' title="bbox 225 436 1632 504; baseline -0.004 -18"><span class='ocrx_word' id='word_1_20' title='bbox 225 453 464 504; x_wconf 84' lang='lat' dir='ltr'>paratum.</span> <span class='ocrx_word' id='word_1_21' title='bbox 544 439 754 501; x_wconf 85' lang='lat' dir='ltr'>Hocque</span> <span class='ocrx_word' id='word_1_22' title='bbox 803 455 857 485; x_wconf 78' lang='lat' dir='ltr'>ex</span> <span class='ocrx_word' id='word_1_23' title='bbox 891 437 1003 483; x_wconf 89' lang='lat' dir='ltr'>loco</span> <span class='ocrx_word' id='word_1_24' title='bbox 1041 438 1198 483; x_wconf 89' lang='lat' dir='ltr'>omnis</span> <span class='ocrx_word' id='word_1_25' title='bbox 1244 455 1328 484; x_wconf 89' lang='lat' dir='ltr'>ora</span> <span class='ocrx_word' id='word_1_26' title='bbox 1372 436 1632 496; x_wconf 82' lang='lat' dir='ltr'>maritima,</span> 
     </span>
     <span class='ocr_line' id='line_1_5' title="bbox 226 504 1633 572; baseline -0.004 -17"><span class='ocrx_word' id='word_1_27' title='bbox 226 509 363 555; x_wconf 88' lang='lat' dir='ltr'>cuius</span> <span class='ocrx_word' id='word_1_28' title='bbox 396 507 588 554; x_wconf 85' lang='lat' dir='ltr'>initium</span> <span class='ocrx_word' id='word_1_29' title='bbox 620 506 771 572; x_wconf 82' lang='lat' dir='ltr'><strong>Halys</strong></span> <span class='ocrx_word' id='word_1_30' title='bbox 817 506 882 553; x_wconf 80' lang='lat' dir='ltr'>est</span> <span class='ocrx_word' id='word_1_31' title='bbox 921 505 1103 565; x_wconf 85' lang='lat' dir='ltr'>amnis,</span> <span class='ocrx_word' id='word_1_32' title='bbox 1154 506 1286 553; x_wconf 86' lang='lat' dir='ltr'>velut</span> <span class='ocrx_word' id='word_1_33' title='bbox 1323 504 1633 569; x_wconf 80' lang='lat' dir='ltr'>longitudine</span> 
     </span>
     <span class='ocr_line' id='line_1_6' title="bbox 225 573 1631 638; baseline -0.004 -14"><span class='ocrx_word' id='word_1_34' title='bbox 225 576 386 624; x_wconf 86' lang='lat' dir='ltr'>lineali</span> <span class='ocrx_word' id='word_1_35' title='bbox 420 576 601 624; x_wconf 83' lang='lat' dir='ltr'>directa</span> <span class='ocrx_word' id='word_1_36' title='bbox 633 576 770 623; x_wconf 89' lang='lat' dir='ltr'>nervi</span> <span class='ocrx_word' id='word_1_37' title='bbox 803 574 949 622; x_wconf 86' lang='lat' dir='ltr'>efficit</span> <span class='ocrx_word' id='word_1_38' title='bbox 980 573 1217 638; x_wconf 83' lang='lat' dir='ltr'>speciem,</span> <span class='ocrx_word' id='word_1_39' title='bbox 1270 573 1457 621; x_wconf 88' lang='lat' dir='ltr'>duabus</span> <span class='ocrx_word' id='word_1_40' title='bbox 1492 590 1631 620; x_wconf 85' lang='lat' dir='ltr'>arcus</span> 
     </span>
     <span class='ocr_line' id='line_1_7' title="bbox 151 641 1631 709; baseline -0.003 -17"><span class='ocrx_word' id='word_1_41' title='bbox 151 666 203 692; x_wconf 83' lang='lat'>21</span> <span class='ocrx_word' id='word_1_42' title='bbox 227 645 583 692; x_wconf 78' lang='lat' dir='ltr'>summitatibus</span> <span class='ocrx_word' id='word_1_43' title='bbox 613 643 906 709; x_wconf 85' lang='lat' dir='ltr'>complicati.</span> <span class='ocrx_word' id='word_1_44' title='bbox 1009 643 1099 691; x_wconf 89' lang='lat' dir='ltr'>His</span> <span class='ocrx_word' id='word_1_45' title='bbox 1141 643 1423 707; x_wconf 84' lang='lat' dir='ltr'>regionibus</span> <span class='ocrx_word' id='word_1_46' title='bbox 1459 641 1631 689; x_wconf 84' lang='lat' dir='ltr'><strong>Dahae</strong></span> 
     </span>
     <span class='ocr_line' id='line_1_8' title="bbox 226 712 1634 776; baseline -0.004 -15"><span class='ocrx_word' id='word_1_47' title='bbox 226 716 444 761; x_wconf 88' lang='lat' dir='ltr'>confines</span> <span class='ocrx_word' id='word_1_48' title='bbox 500 713 632 776; x_wconf 82' lang='lat' dir='ltr'>sunt,</span> <span class='ocrx_word' id='word_1_49' title='bbox 697 712 921 761; x_wconf 80' lang='lat' dir='ltr'>acerrimi</span> <span class='ocrx_word' id='word_1_50' title='bbox 974 712 1196 758; x_wconf 89' lang='lat' dir='ltr'>omnium</span> <span class='ocrx_word' id='word_1_51' title='bbox 1241 713 1525 771; x_wconf 81' lang='lat' dir='ltr'>bellatoreS,</span> <span class='ocrx_word' id='word_1_52' title='bbox 1584 723 1634 757; x_wconf 86' lang='lat' dir='ltr'>et</span> 
     </span>
     <span class='ocr_line' id='line_1_9' title="bbox 225 778 1633 848; baseline -0.004 -18"><span class='ocrx_word' id='word_1_53' title='bbox 225 783 493 848; x_wconf 77' lang='lat' dir='ltr'>Chalybes,</span> <span class='ocrx_word' id='word_1_54' title='bbox 539 801 624 846; x_wconf 89' lang='lat' dir='ltr'>per</span> <span class='ocrx_word' id='word_1_55' title='bbox 653 799 776 846; x_wconf 84' lang='lat' dir='ltr'>quos</span> <span class='ocrx_word' id='word_1_56' title='bbox 805 795 996 828; x_wconf 85' lang='lat' dir='ltr'>erutum</span> <span class='ocrx_word' id='word_1_57' title='bbox 1025 795 1072 828; x_wconf 88' lang='lat' dir='ltr'>et</span> <span class='ocrx_word' id='word_1_58' title='bbox 1099 780 1341 828; x_wconf 85' lang='lat' dir='ltr'>domitum</span> <span class='ocrx_word' id='word_1_59' title='bbox 1372 781 1437 828; x_wconf 85' lang='lat' dir='ltr'>est</span> <span class='ocrx_word' id='word_1_60' title='bbox 1466 778 1633 844; x_wconf 84' lang='lat' dir='ltr'>primi-</span> 
     </span>
     <span class='ocr_line' id='line_1_10' title="bbox 222 847 1633 915; baseline -0.004 -17"><span class='ocrx_word' id='word_1_61' title='bbox 222 864 299 899; x_wconf 83' lang='lat' dir='ltr'>tus</span> <span class='ocrx_word' id='word_1_62' title='bbox 319 852 517 899; x_wconf 84' lang='lat' dir='ltr'>ferrum.</span> <span class='ocrx_word' id='word_1_63' title='bbox 589 851 702 898; x_wconf 82' lang='lat' dir='ltr'>Post</span> <span class='ocrx_word' id='word_1_64' title='bbox 733 868 854 915; x_wconf 84' lang='lat' dir='ltr'>quos</span> <span class='ocrx_word' id='word_1_65' title='bbox 879 863 1026 896; x_wconf 85' lang='lat' dir='ltr'>terras</span> <span class='ocrx_word' id='word_1_66' title='bbox 1057 863 1275 913; x_wconf 82' lang='lat' dir='ltr'>patentes</span> <span class='ocrx_word' id='word_1_67' title='bbox 1304 850 1509 914; x_wconf 79' lang='lat' dir='ltr'>Byzares</span> <span class='ocrx_word' id='word_1_68' title='bbox 1546 847 1633 894; x_wconf 88' lang='lat' dir='ltr'>ob-</span> 
     </span>
     <span class='ocr_line' id='line_1_11' title="bbox 222 917 1632 982; baseline -0.003 -16"><span class='ocrx_word' id='word_1_69' title='bbox 222 920 405 981; x_wconf 82' lang='lat' dir='ltr'>tinent,</span> <span class='ocrx_word' id='word_1_70' title='bbox 436 935 482 967; x_wconf 87' lang='lat' dir='ltr'>et</span> <span class='ocrx_word' id='word_1_71' title='bbox 501 920 723 982; x_wconf 78' lang='lat' dir='ltr'>Sapires,</span> <span class='ocrx_word' id='word_1_72' title='bbox 757 933 805 966; x_wconf 90' lang='lat' dir='ltr'>et</span> <span class='ocrx_word' id='word_1_73' title='bbox 833 918 1093 979; x_wconf 79' lang='lat' dir='ltr'>Tibareni,</span> <span class='ocrx_word' id='word_1_74' title='bbox 1132 933 1179 966; x_wconf 83' lang='lat' dir='ltr'>et</span> <span class='ocrx_word' id='word_1_75' title='bbox 1237 917 1542 982; x_wconf 54' lang='lat' dir='ltr'>ioll‘ynoeci,</span> <span class='ocrx_word' id='word_1_76' title='bbox 1584 929 1632 963; x_wconf 86' lang='lat' dir='ltr'>et</span> 
     </span>
     <span class='ocr_line' id='line_1_12' title="bbox 223 984 1631 1051; baseline -0.003 -16"><span class='ocrx_word' id='word_1_77' title='bbox 223 988 508 1047; x_wconf 55' lang='lat' dir='ltr'>illacrones,</span> <span class='ocrx_word' id='word_1_78' title='bbox 544 1002 590 1035; x_wconf 82' lang='lat' dir='ltr'>et</span> <span class='ocrx_word' id='word_1_79' title='bbox 612 987 859 1051; x_wconf 76' lang='lat' dir='ltr'>Philyres,</span> <span class='ocrx_word' id='word_1_80' title='bbox 891 987 1064 1050; x_wconf 84' lang='lat' dir='ltr'>populi</span> <span class='ocrx_word' id='word_1_81' title='bbox 1091 987 1221 1033; x_wconf 88' lang='lat' dir='ltr'>nulla</span> <span class='ocrx_word' id='word_1_82' title='bbox 1244 987 1386 1034; x_wconf 83' lang='lat' dir='ltr'>nobis</span> <span class='ocrx_word' id='word_1_83' title='bbox 1411 984 1631 1032; x_wconf 79' lang='lat' dir='ltr'>adsuetu-</span> 
     </span>
     <span class='ocr_line' id='line_1_13' title="bbox 147 1054 1631 1119; baseline -0.003 -16"><span class='ocrx_word' id='word_1_84' title='bbox 147 1075 205 1103; x_wconf 81' lang='lat'>22</span> <span class='ocrx_word' id='word_1_85' title='bbox 225 1057 339 1103; x_wconf 84' lang='lat' dir='ltr'>dine</span> <span class='ocrx_word' id='word_1_86' title='bbox 365 1057 564 1119; x_wconf 83' lang='lat' dir='ltr'>cogniti.</span> <span class='ocrx_word' id='word_1_87' title='bbox 650 1055 697 1102; x_wconf 90' lang='lat' dir='ltr'><strong>A</strong></span> <span class='ocrx_word' id='word_1_88' title='bbox 730 1056 909 1118; x_wconf 86' lang='lat' dir='ltr'>quibus</span> <span class='ocrx_word' id='word_1_89' title='bbox 942 1055 1087 1101; x_wconf 88' lang='lat' dir='ltr'>-brevi</span> <span class='ocrx_word' id='word_1_90' title='bbox 1116 1054 1272 1117; x_wconf 79' lang='lat' dir='ltr'>spatio</span> <span class='ocrx_word' id='word_1_91' title='bbox 1308 1054 1482 1101; x_wconf 79' lang='lat' dir='ltr'>distant</span> <span class='ocrx_word' id='word_1_92' title='bbox 1503 1054 1631 1102; x_wconf 85' lang='lat' dir='ltr'>viro-</span> 
     </span>
     <span class='ocr_line' id='line_1_14' title="bbox 221 1121 1631 1186; baseline -0.003 -14"><span class='ocrx_word' id='word_1_93' title='bbox 221 1145 330 1173; x_wconf 83' lang='lat' dir='ltr'>rum</span> <span class='ocrx_word' id='word_1_94' title='bbox 352 1137 667 1171; x_wconf 80' lang='lat' dir='ltr'>monumenta</span> <span class='ocrx_word' id='word_1_95' title='bbox 689 1122 959 1181; x_wconf 76' lang='lat' dir='ltr'>nobilium,</span> <span class='ocrx_word' id='word_1_96' title='bbox 991 1122 1043 1167; x_wconf 84' lang='lat' dir='ltr'>in</span> <span class='ocrx_word' id='word_1_97' title='bbox 1065 1124 1242 1186; x_wconf 86' lang='lat' dir='ltr'>quibus</span> <span class='ocrx_word' id='word_1_98' title='bbox 1272 1124 1532 1171; x_wconf 87' lang='lat' dir='ltr'>Sthelenus</span> <span class='ocrx_word' id='word_1_99' title='bbox 1563 1121 1631 1168; x_wconf 76' lang='lat' dir='ltr'>est.</span> 
     </span>
     <span class='ocr_line' id='line_1_15' title="bbox 219 1190 1631 1255; baseline -0.003 -15"><span class='ocrx_word' id='word_1_100' title='bbox 219 1194 477 1250; x_wconf 80' lang='lat' dir='ltr'>humatus,</span> <span class='ocrx_word' id='word_1_101' title='bbox 509 1207 554 1239; x_wconf 86' lang='lat' dir='ltr'>et</span> <span class='ocrx_word' id='word_1_102' title='bbox 594 1191 820 1249; x_wconf 80' lang='lat' dir='ltr'>Idmon,.</span> <span class='ocrx_word' id='word_1_103' title='bbox 845 1203 892 1237; x_wconf 85' lang='lat' dir='ltr'>et</span> <span class='ocrx_word' id='word_1_104' title='bbox 925 1190 1142 1255; x_wconf 81' lang='lat' dir='ltr'>Tiphys:</span> <span class='ocrx_word' id='word_1_105' title='bbox 1188 1191 1373 1254; x_wconf 80' lang='lat' dir='ltr'>primus</span> <span class='ocrx_word' id='word_1_106' title='bbox 1403 1191 1631 1239; x_wconf 83' lang='lat' dir='ltr'>Herculis</span> 
     </span>
     <span class='ocr_line' id='line_1_16' title="bbox 219 1259 1630 1310; baseline -0.002 -2"><span class='ocrx_word' id='word_1_107' title='bbox 219 1262 378 1310; x_wconf 83' lang='lat' dir='ltr'>socius</span> <span class='ocrx_word' id='word_1_108' title='bbox 410 1259 875 1308; x_wconf 71' lang='lat' dir='ltr'>Amazonicobello</span> <span class='ocrx_word' id='word_1_109' title='bbox 911 1259 1119 1306; x_wconf 86' lang='lat' dir='ltr'>letaliter</span> <span class='ocrx_word' id='word_1_110' title='bbox 1152 1260 1457 1306; x_wconf 85' lang='lat' dir='ltr'>vnlneratus:</span> <span class='ocrx_word' id='word_1_111' title='bbox 1509 1260 1630 1306; x_wconf 84' lang='lat' dir='ltr'>alter</span> 
     </span>
     <span class='ocr_line' id='line_1_17' title="bbox 221 1326 1632 1394; baseline -0.002 -18"><span class='ocrx_word' id='word_1_112' title='bbox 221 1349 373 1394; x_wconf 86' lang='lat' dir='ltr'>augur</span> <span class='ocrx_word' id='word_1_113' title='bbox 392 1330 811 1394; x_wconf 76' lang='lat' dir='ltr'>Argonautarum:</span> <span class='ocrx_word' id='word_1_114' title='bbox 843 1327 1013 1375; x_wconf 65' lang='lat' dir='ltr'>tei-tius</span> <span class='ocrx_word' id='word_1_115' title='bbox 1054 1327 1272 1374; x_wconf 85' lang='lat' dir='ltr'>eiusdem</span> <span class='ocrx_word' id='word_1_116' title='bbox 1303 1329 1436 1375; x_wconf 87' lang='lat' dir='ltr'>navis</span> <span class='ocrx_word' id='word_1_117' title='bbox 1461 1326 1632 1374; x_wconf 86' lang='lat' dir='ltr'>cautis-</span> 
     </span>
     <span class='ocr_line' id='line_1_18' title="bbox 146 1395 1630 1460; baseline -0.003 -15"><span class='ocrx_word' id='word_1_118' title='bbox 146 1408 203 1450; x_wconf 73' lang='lat'>23</span> <span class='ocrx_word' id='word_1_119' title='bbox 222 1399 366 1445; x_wconf 84' lang='lat' dir='ltr'>limus</span> <span class='ocrx_word' id='word_1_120' title='bbox 409 1414 585 1447; x_wconf 85' lang='lat' dir='ltr'>rector.</span> <span class='ocrx_word' id='word_1_121' title='bbox 672 1395 1020 1445; x_wconf 72' lang='lat' dir='ltr'>Praetercursis</span> <span class='ocrx_word' id='word_1_122' title='bbox 1066 1396 1286 1460; x_wconf 80' lang='lat' dir='ltr'>partibus</span> <span class='ocrx_word' id='word_1_123' title='bbox 1331 1397 1630 1459; x_wconf 78' lang='lat' dir='ltr'>memoratis,</span> 
     </span>
     <span class='ocr_line' id='line_1_19' title="bbox 220 1465 1654 1527; baseline -0.002 -13"><span class='ocrx_word' id='word_1_124' title='bbox 220 1469 406 1515; x_wconf 88' lang='lat' dir='ltr'>Aulion</span> <span class='ocrx_word' id='word_1_125' title='bbox 436 1483 628 1516; x_wconf 87' lang='lat' dir='ltr'>antrum</span> <span class='ocrx_word' id='word_1_126' title='bbox 659 1468 747 1527; x_wconf 79' lang='lat' dir='ltr'>est,</span> <span class='ocrx_word' id='word_1_127' title='bbox 793 1481 840 1514; x_wconf 85' lang='lat' dir='ltr'>ct</span> <span class='ocrx_word' id='word_1_128' title='bbox 869 1469 1047 1512; x_wconf 85' lang='lat' dir='ltr'>ssuenta</span> <span class='ocrx_word' id='word_1_129' title='bbox 1087 1465 1355 1513; x_wconf 87' lang='lat' dir='ltr'>Callichori</span> <span class='ocrx_word' id='word_1_130' title='bbox 1399 1484 1455 1513; x_wconf 81' lang='lat' dir='ltr'>ex</span> <span class='ocrx_word' id='word_1_131' title='bbox 1495 1466 1654 1512; x_wconf 80' lang='lat' dir='ltr'>facto&#39;</span> 
     </span>
     <span class='ocr_line' id='line_1_20' title="bbox 220 1532 1628 1601; baseline -0.002 -18"><span class='ocrx_word' id='word_1_132' title='bbox 220 1538 579 1600; x_wconf 82' lang='lat' dir='ltr'>cognominati,</span> <span class='ocrx_word' id='word_1_133' title='bbox 615 1536 776 1601; x_wconf 79' lang='lat' dir='ltr'>quod,</span> <span class='ocrx_word' id='word_1_134' title='bbox 816 1535 1049 1599; x_wconf 70' lang='lat' dir='ltr'>superatis</span> <span class='ocrx_word' id='word_1_135' title='bbox 1071 1534 1177 1598; x_wconf 82' lang='lat' dir='ltr'>post</span> <span class='ocrx_word' id='word_1_136' title='bbox 1198 1535 1461 1582; x_wconf 86' lang='lat' dir='ltr'>triennium</span> <span class='ocrx_word' id='word_1_137' title='bbox 1493 1532 1628 1581; x_wconf 79' lang='lat' dir='ltr'>Incli-</span> 
     </span>
     <span class='ocr_line' id='line_1_21' title="bbox 219 1603 1627 1666; baseline -0.001 -15"><span class='ocrx_word' id='word_1_138' title='bbox 219 1606 289 1652; x_wconf 90' lang='lat' dir='ltr'>cis</span> <span class='ocrx_word' id='word_1_139' title='bbox 327 1606 634 1666; x_wconf 83' lang='lat' dir='ltr'>nationibus,</span> <span class='ocrx_word' id='word_1_140' title='bbox 672 1605 736 1651; x_wconf 85' lang='lat' dir='ltr'>ad</span> <span class='ocrx_word' id='word_1_141' title='bbox 768 1623 850 1652; x_wconf 87' lang='lat' dir='ltr'>eos</span> <span class='ocrx_word' id='word_1_142' title='bbox 882 1617 1058 1651; x_wconf 81' lang='lat' dir='ltr'>tractus</span> <span class='ocrx_word' id='word_1_143' title='bbox 1090 1603 1241 1650; x_wconf 84' lang='lat' dir='ltr'>Liber</span> <span class='ocrx_word' id='word_1_144' title='bbox 1274 1603 1460 1664; x_wconf 81' lang='lat' dir='ltr'>versus,</span> <span class='ocrx_word' id='word_1_145' title='bbox 1496 1603 1627 1650; x_wconf 85' lang='lat' dir='ltr'>circa</span> 
     </span>
     <span class='ocr_line' id='line_1_22' title="bbox 217 1672 1628 1737; baseline -0.001 -18"><span class='ocrx_word' id='word_1_146' title='bbox 217 1673 364 1720; x_wconf 76' lang='lat' dir='ltr'>liuius</span> <span class='ocrx_word' id='word_1_147' title='bbox 388 1674 513 1737; x_wconf 80' lang='lat' dir='ltr'>ripas</span> <span class='ocrx_word' id='word_1_148' title='bbox 537 1673 715 1721; x_wconf 89' lang='lat' dir='ltr'>virides</span> <span class='ocrx_word' id='word_1_149' title='bbox 740 1688 786 1720; x_wconf 87' lang='lat' dir='ltr'>et</span> <span class='ocrx_word' id='word_1_150' title='bbox 809 1691 982 1737; x_wconf 79' lang='lat' dir='ltr'>opacas</span> <span class='ocrx_word' id='word_1_151' title='bbox 1005 1673 1138 1736; x_wconf 86' lang='lat' dir='ltr'>orgia</span> <span class='ocrx_word' id='word_1_152' title='bbox 1160 1672 1356 1735; x_wconf 79' lang='lat' dir='ltr'>pristina</span> <span class='ocrx_word' id='word_1_153' title='bbox 1391 1672 1628 1736; x_wconf 83' lang='lat' dir='ltr'>reparavit</span> 
     </span>
     <span class='ocr_line' id='line_1_23' title="bbox 221 1740 1626 1805; baseline -0.001 -17"><span class='ocrx_word' id='word_1_154' title='bbox 221 1756 269 1788; x_wconf 84' lang='lat' dir='ltr'>et</span> <span class='ocrx_word' id='word_1_155' title='bbox 318 1742 527 1789; x_wconf 90' lang='lat' dir='ltr'>choros:</span> <span class='ocrx_word' id='word_1_156' title='bbox 592 1742 861 1789; x_wconf 84' lang='lat' dir='ltr'>Trieterica</span> <span class='ocrx_word' id='word_1_157' title='bbox 911 1741 1200 1788; x_wconf 81' lang='lat' dir='ltr'>huiusmodi</span> <span class='ocrx_word' id='word_1_158' title='bbox 1244 1740 1374 1788; x_wconf 80' lang='lat' dir='ltr'>sacra</span> <span class='ocrx_word' id='word_1_159' title='bbox 1423 1740 1626 1805; x_wconf 85' lang='lat' dir='ltr'>quidam</span> 
     </span>
     <span class='ocr_line' id='line_1_24' title="bbox 143 1808 1625 1874; baseline 0 -17"><span class='ocrx_word' id='word_1_160' title='bbox 143 1808 203 1863; x_wconf 69' lang='grc'>24</span> <span class='ocrx_word' id='word_1_161' title='bbox 223 1812 279 1874; x_wconf 75' lang='lat'>¹⁰)</span> <span class='ocrx_word' id='word_1_162' title='bbox 303 1811 570 1858; x_wconf 77' lang='lat' dir='ltr'>existimant</span> <span class='ocrx_word' id='word_1_163' title='bbox 590 1810 842 1874; x_wconf 85' lang='lat' dir='ltr'>adpellari.</span> <span class='ocrx_word' id='word_1_164' title='bbox 913 1810 1026 1857; x_wconf 83' lang='lat' dir='ltr'>Post</span> <span class='ocrx_word' id='word_1_165' title='bbox 1058 1810 1180 1856; x_wconf 87' lang='lat' dir='ltr'>haec</span> <span class='ocrx_word' id='word_1_166' title='bbox 1212 1811 1424 1857; x_wconf 82' lang='lat' dir='ltr'>confinia</span> <span class='ocrx_word' id='word_1_167' title='bbox 1457 1811 1625 1858; x_wconf 82' lang='lat' dir='ltr'>Cama-</span> 
     </span>
     <span class='ocr_line' id='line_1_25' title="bbox 219 1877 1624 1942; baseline 0 -18"><span class='ocrx_word' id='word_1_168' title='bbox 219 1878 416 1925; x_wconf 86' lang='lat' dir='ltr'>ritarum</span> <span class='ocrx_word' id='word_1_169' title='bbox 449 1880 554 1942; x_wconf 80' lang='lat' dir='ltr'>pagi</span> <span class='ocrx_word' id='word_1_170' title='bbox 594 1878 702 1926; x_wconf 83' lang='lat' dir='ltr'>suut</span> <span class='ocrx_word' id='word_1_171' title='bbox 732 1880 974 1939; x_wconf 80' lang='lat' dir='ltr'>celebres,</span> <span class='ocrx_word' id='word_1_172' title='bbox 1025 1893 1072 1926; x_wconf 85' lang='lat' dir='ltr'>et</span> <span class='ocrx_word' id='word_1_173' title='bbox 1103 1878 1267 1925; x_wconf 76' lang='lat' dir='ltr'>Phasis</span> <span class='ocrx_word' id='word_1_174' title='bbox 1289 1877 1624 1926; x_wconf 79' lang='lat' dir='ltr'>fremebundis</span> 
     </span>
     <span class='ocr_line' id='line_1_26' title="bbox 215 1946 1624 2012; baseline -0.001 -18"><span class='ocrx_word' id='word_1_175' title='bbox 215 1946 433 1994; x_wconf 73' lang='lat' dir='ltr'>cursibus</span> <span class='ocrx_word' id='word_1_176' title='bbox 469 1947 682 1994; x_wconf 88' lang='lat' dir='ltr'>Colchos</span> <span class='ocrx_word' id='word_1_177' title='bbox 716 1948 932 2011; x_wconf 84' lang='lat' dir='ltr'>attingit,</span> <span class='ocrx_word' id='word_1_178' title='bbox 980 1947 1337 2012; x_wconf 84' lang='lat' dir='ltr'>Aegyptiorum</span> <span class='ocrx_word' id='word_1_179' title='bbox 1373 1946 1624 2009; x_wconf 83' lang='lat' dir='ltr'>antiquam</span> 
     </span>
     <span class='ocr_line' id='line_1_27' title="bbox 215 2013 1623 2064; baseline 0.002 -3"><span class='ocrx_word' id='word_1_180' title='bbox 215 2014 463 2062; x_wconf 86' lang='lat' dir='ltr'>subolem:</span> <span class='ocrx_word' id='word_1_181' title='bbox 499 2016 587 2061; x_wconf 84' lang='lat' dir='ltr'>ubi</span> <span class='ocrx_word' id='word_1_182' title='bbox 608 2016 734 2062; x_wconf 85' lang='lat' dir='ltr'>inter</span> <span class='ocrx_word' id='word_1_183' title='bbox 758 2016 975 2061; x_wconf 84' lang='lat' dir='ltr'>civitates</span> <span class='ocrx_word' id='word_1_184' title='bbox 997 2015 1112 2060; x_wconf 85' lang='lat' dir='ltr'>alias</span> <span class='ocrx_word' id='word_1_185' title='bbox 1138 2013 1301 2060; x_wconf 83' lang='lat' dir='ltr'>Phafis</span> <span class='ocrx_word' id='word_1_186' title='bbox 1330 2015 1395 2061; x_wconf 81' lang='lat' dir='ltr'>est</span> <span class='ocrx_word' id='word_1_187' title='bbox 1422 2015 1623 2064; x_wconf 83' lang='lat' dir='ltr'>nomine</span> 
     </span>
     <span class='ocr_line' id='line_1_28' title="bbox 213 2083 1621 2147; baseline 0.001 -17"><span class='ocrx_word' id='word_1_188' title='bbox 213 2084 352 2130; x_wconf 84' lang='lat' dir='ltr'>fluvii</span> <span class='ocrx_word' id='word_1_189' title='bbox 382 2083 623 2145; x_wconf 82' lang='lat' dir='ltr'>dictitata,</span> <span class='ocrx_word' id='word_1_190' title='bbox 672 2098 718 2130; x_wconf 89' lang='lat' dir='ltr'>et</span> <span class='ocrx_word' id='word_1_191' title='bbox 748 2084 801 2147; x_wconf 86' lang='lat'>¹¹)</span> <span class='ocrx_word' id='word_1_192' title='bbox 820 2083 1102 2129; x_wconf 87' lang='lat' dir='ltr'>Dioscurias</span> <span class='ocrx_word' id='word_1_193' title='bbox 1136 2100 1263 2129; x_wconf 85' lang='lat' dir='ltr'>nunc</span> <span class='ocrx_word' id='word_1_194' title='bbox 1291 2100 1445 2146; x_wconf 86' lang='lat' dir='ltr'>usque</span> <span class='ocrx_word' id='word_1_195' title='bbox 1476 2096 1621 2131; x_wconf 85' lang='lat' dir='ltr'>nota:</span> 
     </span>
    </p>
   </div>
   <div class='ocr_carea' id='block_1_3' title="bbox 1725 703 1727 1293">
    <p class='ocr_par' dir='ltr' id='par_1_3' title="bbox 1725 703 1727 1293">
     <span class='ocr_line' id='line_1_29' title="bbox 1725 703 1727 1293; baseline 0 0"><span class='ocrx_word' id='word_1_196' title='bbox 1725 703 1727 1293; x_wconf 95' lang='lat' dir='ltr'> </span> 
     </span>
    </p>
   </div>
   <div class='ocr_carea' id='block_1_4' title="bbox 215 2150 1725 2215">
    <p class='ocr_par' dir='ltr' id='par_1_4' title="bbox 215 2150 1725 2215">
     <span class='ocr_line' id='line_1_30' title="bbox 215 2150 1725 2215; baseline 0.001 -18"><span class='ocrx_word' id='word_1_197' title='bbox 215 2153 353 2198; x_wconf 83' lang='lat' dir='ltr'>cuius</span> <span class='ocrx_word' id='word_1_198' title='bbox 377 2167 596 2200; x_wconf 84' lang='lat' dir='ltr'>auctores</span> <span class='ocrx_word' id='word_1_199' title='bbox 617 2151 885 2214; x_wconf 79' lang='lat' dir='ltr'>Amphitus</span> <span class='ocrx_word' id='word_1_200' title='bbox 907 2164 953 2197; x_wconf 91' lang='lat' dir='ltr'>et</span> <span class='ocrx_word' id='word_1_201' title='bbox 978 2151 1035 2215; x_wconf 79' lang='lat'>¹²)</span> <span class='ocrx_word' id='word_1_202' title='bbox 1055 2150 1252 2198; x_wconf 82' lang='lat' dir='ltr'>Cercius</span> <span class='ocrx_word' id='word_1_203' title='bbox 1278 2151 1506 2215; x_wconf 78' lang='lat' dir='ltr'>Spartani</span> <span class='ocrx_word' id='word_1_204' title='bbox 1529 2166 1623 2199; x_wconf 85' lang='lat' dir='ltr'>tra·</span> <span class='ocrx_word' id='word_1_205' title='bbox 1657 2153 1661 2156; x_wconf 58' lang='grc'><em>’</em></span> <span class='ocrx_word' id='word_1_206' title='bbox 1720 2190 1725 2205; x_wconf 44' lang='grc'><strong><em>&lt;</em></strong></span> 
     </span>
    </p>
   </div>
   <div class='ocr_carea' id='block_1_5' title="bbox 139 2218 1619 2628">
    <p class='ocr_par' dir='ltr' id='par_1_5' title="bbox 139 2218 1619 2628">
     <span class='ocr_line' id='line_1_31' title="bbox 215 2218 1619 2285; baseline 0.001 -19"><span class='ocrx_word' id='word_1_207' title='bbox 215 2219 422 2282; x_wconf 85' lang='lat' dir='ltr'>duntur,</span> <span class='ocrx_word' id='word_1_208' title='bbox 453 2222 648 2285; x_wconf 82' lang='lat' dir='ltr'>aurigae</span> <span class='ocrx_word' id='word_1_209' title='bbox 667 2219 873 2268; x_wconf 79' lang='lat' dir='ltr'>Castoris</span> <span class='ocrx_word' id='word_1_210' title='bbox 896 2234 942 2265; x_wconf 85' lang='lat' dir='ltr'>et</span> <span class='ocrx_word' id='word_1_211' title='bbox 966 2218 1205 2279; x_wconf 83' lang='lat' dir='ltr'>Pollucis,</span> <span class='ocrx_word' id='word_1_212' title='bbox 1249 2238 1275 2266; x_wconf 84' lang='lat' dir='ltr'>a</span> <span class='ocrx_word' id='word_1_213' title='bbox 1304 2220 1482 2283; x_wconf 80' lang='lat' dir='ltr'>quibus</span> <span class='ocrx_word' id='word_1_214' title='bbox 1520 2220 1619 2267; x_wconf 88' lang='lat' dir='ltr'>He-</span> 
     </span>
     <span class='ocr_line' id='line_1_32' title="bbox 139 2287 1619 2351; baseline -0.001 -13"><span class='ocrx_word' id='word_1_215' title='bbox 139 2298 195 2343; x_wconf 70' lang='lat'>25</span> <span class='ocrx_word' id='word_1_216' title='bbox 214 2289 509 2337; x_wconf 86' lang='lat' dir='ltr'>niochorum</span> <span class='ocrx_word' id='word_1_217' title='bbox 538 2291 671 2336; x_wconf 80' lang='lat' dir='ltr'>natio</span> <span class='ocrx_word' id='word_1_218' title='bbox 707 2289 771 2336; x_wconf 78' lang='lat' dir='ltr'>eft</span> <span class='ocrx_word' id='word_1_219' title='bbox 796 2287 1022 2334; x_wconf 77' lang='lat' dir='ltr'>instituta.</span> <span class='ocrx_word' id='word_1_220' title='bbox 1104 2288 1418 2351; x_wconf 34' lang='lat' dir='ltr'>Paullum‘ab</span> <span class='ocrx_word' id='word_1_221' title='bbox 1444 2289 1520 2336; x_wconf 87' lang='lat' dir='ltr'>his</span> <span class='ocrx_word' id='word_1_222' title='bbox 1550 2288 1619 2338; x_wconf 72' lang='lat' dir='ltr'>l&#39;e-</span> 
     </span>
     <span class='ocr_line' id='line_1_33' title="bbox 214 2356 1615 2421; baseline 0.001 -17"><span class='ocrx_word' id='word_1_223' title='bbox 214 2372 479 2405; x_wconf 87' lang='lat' dir='ltr'>cernuntur</span> <span class='ocrx_word' id='word_1_224' title='bbox 529 2358 745 2406; x_wconf 87' lang='lat' dir='ltr'>Achaei:</span> <span class='ocrx_word' id='word_1_225' title='bbox 796 2357 880 2421; x_wconf 88' lang='lat' dir='ltr'>qui</span> <span class='ocrx_word' id='word_1_226' title='bbox 921 2357 1051 2404; x_wconf 84' lang='lat' dir='ltr'>bello</span> <span class='ocrx_word' id='word_1_227' title='bbox 1099 2356 1339 2405; x_wconf 86' lang='lat' dir='ltr'>anteriore</span> <span class='ocrx_word' id='word_1_228' title='bbox 1397 2356 1615 2421; x_wconf 87' lang='lat' dir='ltr'>quodam</span> 
     </span>
     <span class='ocr_line' id='line_1_34' title="bbox 213 2424 1617 2489; baseline 0.001 -17"><span class='ocrx_word' id='word_1_229' title='bbox 213 2426 344 2489; x_wconf 81' lang='lat' dir='ltr'>apud</span> <span class='ocrx_word' id='word_1_230' title='bbox 367 2427 569 2475; x_wconf 85' lang='lat' dir='ltr'>Troiam</span> <span class='ocrx_word' id='word_1_231' title='bbox 589 2425 949 2485; x_wconf 78' lang='lat' dir='ltr'>consummato,</span> <span class='ocrx_word' id='word_1_232' title='bbox 986 2442 1084 2471; x_wconf 86' lang='lat' dir='ltr'>non</span> <span class='ocrx_word' id='word_1_233' title='bbox 1114 2444 1227 2472; x_wconf 89' lang='lat' dir='ltr'>cum</span> <span class='ocrx_word' id='word_1_234' title='bbox 1255 2424 1399 2488; x_wconf 83' lang='lat' dir='ltr'>super</span> <span class='ocrx_word' id='word_1_235' title='bbox 1426 2426 1617 2474; x_wconf 85' lang='lat' dir='ltr'>Helena</span> 
     </span>
     <span class='ocr_line' id='line_1_35' title="bbox 213 2492 1615 2559; baseline 0.001 -18"><span class='ocrx_word' id='word_1_236' title='bbox 213 2510 505 2558; x_wconf 83' lang='lat' dir='ltr'>certaretur,</span> <span class='ocrx_word' id='word_1_237' title='bbox 534 2510 587 2542; x_wconf 90' lang='lat' dir='ltr'>ut</span> <span class='ocrx_word' id='word_1_238' title='bbox 608 2509 826 2543; x_wconf 86' lang='lat' dir='ltr'>auctores</span> <span class='ocrx_word' id='word_1_239' title='bbox 851 2492 1110 2559; x_wconf 78' lang='lat' dir='ltr'>prodidere</span> <span class='ocrx_word' id='word_1_240' title='bbox 1130 2493 1379 2554; x_wconf 88' lang='lat' dir='ltr'>nonnulli,</span> <span class='ocrx_word' id='word_1_241' title='bbox 1414 2493 1463 2540; x_wconf 88' lang='lat' dir='ltr'>in</span> <span class='ocrx_word' id='word_1_242' title='bbox 1489 2493 1615 2542; x_wconf 89' lang='lat' dir='ltr'>Pon·</span> 
     </span>
     <span class='ocr_line' id='line_1_36' title="bbox 214 2561 1615 2628; baseline 0.002 -20"><span class='ocrx_word' id='word_1_243' title='bbox 214 2576 318 2610; x_wconf 80' lang='lat' dir='ltr'>tum</span> <span class='ocrx_word' id='word_1_244' title='bbox 373 2565 654 2612; x_wconf 84' lang='lat' dir='ltr'>reflantibus</span> <span class='ocrx_word' id='word_1_245' title='bbox 696 2564 852 2612; x_wconf 79' lang='lat' dir='ltr'>ventis</span> <span class='ocrx_word' id='word_1_246' title='bbox 896 2580 1058 2611; x_wconf 82' lang='lat' dir='ltr'>errore</span> <span class='ocrx_word' id='word_1_247' title='bbox 1109 2561 1282 2625; x_wconf 85' lang='lat' dir='ltr'>delati,</span> <span class='ocrx_word' id='word_1_248' title='bbox 1327 2562 1615 2628; x_wconf 86' lang='lat' dir='ltr'>cunctisque</span> 
     </span>
    </p>
   </div>
   <div class='ocr_carea' id='block_1_6' title="bbox 215 2685 282 2692">
    <p class='ocr_par' dir='ltr' id='par_1_6' title="bbox 215 2685 282 2692">
     <span class='ocr_line' id='line_1_37' title="bbox 215 2685 282 2692; baseline -0.015 0"><span class='ocrx_word' id='word_1_249' title='bbox 215 2685 282 2692; x_wconf 69' lang='grc'>---</span> 
     </span>
    </p>
   </div>
   <div class='ocr_carea' id='block_1_7' title="bbox 283 2687 495 2694">
    <p class='ocr_par' dir='ltr' id='par_1_7' title="bbox 283 2687 495 2694">
     <span class='ocr_line' id='line_1_38' title="bbox 283 2687 495 2694; baseline 0 450"><span class='ocrx_word' id='word_1_250' title='bbox 283 2687 495 2694; x_wconf 95' lang='lat' dir='ltr'> </span> 
     </span>
    </p>
   </div>
   <div class='ocr_carea' id='block_1_8' title="bbox 214 2748 1617 2836">
    <p class='ocr_par' dir='ltr' id='par_1_8' title="bbox 214 2748 1617 2836">
     <span class='ocr_line' id='line_1_39' title="bbox 234 2748 1617 2800; baseline 0.004 -20"><span class='ocrx_word' id='word_1_251' title='bbox 234 2749 319 2800; x_wconf 43' lang='grc' dir='ltr'>.ιο)</span> <span class='ocrx_word' id='word_1_252' title='bbox 348 2748 413 2783; x_wconf 85' lang='grc' dir='ltr'>ΜΓ.</span> <span class='ocrx_word' id='word_1_253' title='bbox 447 2749 645 2785; x_wconf 56' lang='lat' dir='ltr'>existimant</span> <span class='ocrx_word' id='word_1_254' title='bbox 671 2749 843 2799; x_wconf 64' lang='lat' dir='ltr'>appellari</span> <span class='ocrx_word' id='word_1_255' title='bbox 876 2778 882 2782; x_wconf 78' lang='grc'>,</span> <span class='ocrx_word' id='word_1_256' title='bbox 916 2778 922 2783; x_wconf 89' lang='grc'><strong>.</strong></span> <span class='ocrx_word' id='word_1_257' title='bbox 952 2777 959 2785; x_wconf 96' lang='grc'>.</span> <span class='ocrx_word' id='word_1_258' title='bbox 986 2777 994 2785; x_wconf 91' lang='grc'><strong><em>.</em></strong></span> <span class='ocrx_word' id='word_1_259' title='bbox 1021 2777 1029 2785; x_wconf 95' lang='grc'><em>.</em></span> <span class='ocrx_word' id='word_1_260' title='bbox 1060 2777 1069 2785; x_wconf 88' lang='grc'><strong>.</strong></span> <span class='ocrx_word' id='word_1_261' title='bbox 1120 2749 1212 2787; x_wconf 86' lang='lat' dir='ltr'>Post.</span> <span class='ocrx_word' id='word_1_262' title='bbox 1274 2753 1330 2797; x_wconf 85' lang='grc' dir='ltr'>ιι)</span> <span class='ocrx_word' id='word_1_263' title='bbox 1358 2751 1426 2787; x_wconf 81' lang='grc' dir='ltr'>ΜΓ.</span> <span class='ocrx_word' id='word_1_264' title='bbox 1461 2753 1617 2788; x_wconf 73' lang='lat' dir='ltr'>Diosco-</span> 
     </span>
     <span class='ocr_line' id='line_1_40' title="bbox 214 2796 680 2836; baseline 0.006 -9"><span class='ocrx_word' id='word_1_265' title='bbox 214 2806 281 2827; x_wconf 78' lang='lat'>110.</span> <span class='ocrx_word' id='word_1_266' title='bbox 339 2796 485 2836; x_wconf 75' lang='lat' dir='ltr'><strong>12)Ms.</strong></span> <span class='ocrx_word' id='word_1_267' title='bbox 519 2799 680 2832; x_wconf 74' lang='lat' dir='ltr'>Cercius.</span> 
     </span>
    </p>
   </div>
  </div>
 </body>
</html>
