1727 3144
294 149 627 180 AMMIANI
697 148 1179 181 MARCELIANI.
1357 156 1488 186 aevu

87 261 221 324 cipes
250 257 397 305 fuerit
425 255 669 317 emensus,
710 257 854 305 toties
888 275 963 306 res
1005 260 1256 306 translatas
1289 261 1486 321 viderit,

85 323 162 376 iis,
176 327 460 390 interfuerit
479 330 553 392 vvir
587 325 784 389 doctus,
829 327 1076 387 eruditus,
1129 329 1342 392 probus,
1382 330 1484 394 spe-

22 441 31 450 ,
85 409 267 458 etatus,
292 400 345 443 ‘et
362 394 747 442 eonsummatus:
774 414 877 444 non
898 398 1061 460 potuit
1091 415 1188 443 non
1220 398 1488 447 fecundum

16 491 22 499 ·
85 460 420 530 ingeniiimad
447 463 711 512 Historiam
734 464 1038 513 scribendam
1065 466 1284 513 attuliss'e.

40 594 41 597 Ἴ
189 533 375 582 Natura
421 533 566 581 etiam
601 535 837 597 probum,
875 535 979 582 veri
1012 549 1307 594 amatorem,
1350 539 1495 602 aequi

85 602 306 667 bonique
329 600 595 650 studiosum
617 601 779 662 fuisse,
815 619 871 650 ex
899 600 1001 650 eius
1033 619 1234 667 apparet
1262 605 1493 669 Historia,

80 670 380 737 ,prorsusque
413 669 626 718 alienum
657 672 717 717 ab
749 672 884 718 omni
916 671 1060 733 odio,
1089 673 1298 734 invidia,
1344 677 1497 722 ambi-

20 797 29 810 x
85 741 246 801 tione,
279 739 590 788 adulatione:
621 738 845 804 adeoque
867 760 938 788 res
971 743 1118 803 gestas
1149 741 1407 807 diligenter
1438 764 1494 793 ac

80 809 353 874 prudenter
379 808 573 869 scribit,
594 809 795 856 virtutes
815 810 1175 873 Imperatorum
1201 830 1256 858 ac
1280 813 1492 875 Ducum,
1545 849 1553 857 .

85 878 158 926 rei
179 877 401 925 militaris
424 895 610 926 errores
629 879 786 942 perite
809 880 1035 941 revincit,
1079 894 1126 927 et
1158 879 1273 927 vitia
1306 881 1495 929 Princi-

76 965 204 1013 pum
222 947 376 1012 libere
401 960 449 994 et
468 947 677 1011 ingenue
701 948 896 1011 retegit:
935 964 988 996 ut
1017 948 1102 1014 qui
1134 949 1294 996 stilum
1326 951 1495 998 admo-

84 1017 244 1064 verint
262 1016 452 1064 felicius
477 1015 744 1071 narrationi
764 1035 953 1075 rerum,
990 1018 1134 1082 pauci
1155 1018 1307 1066 hodie
1334 1019 1498 1083 super-

15 1107 21 1121 ι
82 1085 208 1146 siut,
257 1087 348 1133 nec
395 1083 629 1150 indignus
670 1084 939 1151 videatur,
966 1088 1053 1152 qui
1094 1105 1207 1135 cum
1253 1091 1495 1151 Sallzgsiio,

82 1157 261 1215 Livio,
301 1156 546 1212 Cornelio,
581 1153 869 1219 quadrigam
894 1150 1137 1204 Historiae
1163 1157 1410 1205 Romanae
1447 1174 1494 1205 et

84 1222 286 1283 Latinae
313 1224 587 1272 constituat.
668 1222 798 1270 Nam
827 1225 977 1271 ceteri
1012 1225 1220 1271 vitarum
1252 1240 1298 1272 et
1343 1227 1497 1289 epito-

82 1310 274 1340 marum
295 1293 580 1356 scriptores,
619 1291 749 1338 inter
778 1291 1091 1340 secundarios
1126 1307 1172 1340 et
1206 1294 1498 1356 proletarios

85 1359 331 1409 referendi
357 1359 468 1406 sunt
493 1357 673 1423 potius.

181 1429 465 1493 Reliquerat
499 1441 661 1474 autem
692 1445 854 1474 rerum
897 1427 1134 1492 gestarum
1174 1428 1327 1475 libros
1369 1448 1494 1480 xxm.

25 1492 29 1500 ⁶
84 1498 140 1547 id
161 1492 238 1546 est'
249 1498 351 1545 eius
372 1496 613 1557 Historiae
637 1494 810 1542 seriem
832 1498 990 1543 fuerat
1012 1498 1317 1560 complexus,
1352 1517 1500 1563 quani

46 1596 51 1602 ·
88 1568 309 1617 omnium
340 1566 548 1613 maxime
580 1565 810 1610 intererat
841 1564 1021 1610 salvam
1053 1582 1365 1627 permanere:
1412 1566 1501 1614 sed

85 1637 203 1685 libri
231 1653 338 1683 xm.
372 1635 560 1698 priores
591 1650 704 1678 cum
735 1651 860 1679 xxxi.
905 1631 1264 1693 desiderantur,
1317 1653 1496 1697 magno

84 1706 261 1755 veteris
290 1702 555 1750 memoriae
581 1700 788 1762 damno,
827 1702 963 1766 quod
997 1704 1073 1748 vix
1104 1702 1300 1750 aliunde
1332 1702 1498 1750 sarciri

83 1774 255 1841 potest.
339 1772 469 1819 Nam
497 1771 647 1817 multa
678 1771 1018 1817 memorabilia
1054 1785 1100 1818 et
1127 1771 1278 1818 hodie
1308 1770 1496 1834 sepulta

83 1844 224 1893 fuiffe
244 1842 552 1905 complexum
567 1877 580 1900 ,
617 1854 903 1902 argumento
921 1841 1031 1886 sunt
1053 1840 1286 1904 reliquiae
1304 1842 1494 1888 nobiles

86 1911 433 1962 accuratissime
457 1909 784 1972 conscriptae:
817 1928 1116 1974 quamquam
1148 1910 1197 1955 in
1231 1910 1288 1956 iis
1320 1910 1494 1974 stylum

87 1981 310 2044 diffudit,
345 1996 443 2044 quo
473 1978 677 2043 propius
709 1976 771 2023 ad
792 1977 863 2023 sui
886 1979 990 2025 aevi
1018 1979 1307 2025 memoriam
1337 1979 1494 2025 acces-

83 2053 156 2100 lit.
229 2047 434 2113 Scripfit
469 2050 598 2094 enim
627 2046 688 2093 ad
728 2063 809 2093 xv.
845 2055 1006 2111 §isque
1052 2047 1215 2094 audita
1248 2049 1491 2111 lectaque,

86 2135 134 2170 ct
162 2133 369 2167 aetatem
405 2117 533 2177 eius,
574 2131 655 2163 aut
688 2115 1023 2179 cognitionem
1062 2117 1290 2180 Reipubl.
1330 2117 1494 2179 super-

85 2188 262 2254 greffaz
287 2185 466 2249 ,exinde
486 2203 601 2232 vcro
625 2183 718 2233 visa
743 2185 1037 2248 cognitaque
1067 2185 1259 2247 digerit.
1342 2184 1492 2232 Vide-

86 2275 166 2306 tur
193 2257 388 2304 initium
424 2254 601 2301 ducere
627 2273 651 2310 a
682 2256 778 2300 fine
810 2254 1052 2301 Historiae
1087 2256 1280 2302 Cornel.
1312 2254 1490 2314 Taciti,

87 2327 173 2392 qui
194 2344 268 2374 res
288 2323 561 2372 Domitiani
595 2321 857 2386 scripserat.
937 2324 1065 2370 Nam
1099 2323 1148 2369 in
1179 2326 1276 2370 fine
1309 2322 1490 2385 Operis

88 2416 113 2443 a
135 2396 413 2460 principatu
438 2397 632 2441 Nervae
650 2391 712 2438 ad
735 2410 890 2455 usque
918 2395 1134 2439 Valentis
1165 2392 1415 2440 interitum
1443 2389 1490 2437 se

87 2464 355 2512 Historiam
387 2460 659 2526 perduxisse
699 2476 1076 2522 commemorat,
1129 2480 1274 2525 quam
1305 2458 1492 2506 claudit

90 2533 220 2581 exitu
249 2530 456 2579 notabili
485 2544 532 2576 ct
565 2529 702 2576 clade
731 2528 925 2592 insigni,
971 2549 1093 2595 quae
1122 2529 1345 2576 cladibus
1385 2527 1491 2575 aliis

86 2602 250 2667 postea
276 2620 332 2649 ex
352 2598 522 2647 eadem
542 2597 680 2645 causa
709 2595 1154 2661 supervenientibus
1183 2589 1376 2643 initium
1408 2594 1492 2643 de-

90 2669 183 2717 dit:
235 2669 322 2716 ubi
351 2669 495 2715 etiam
528 2670 594 2715 D.
631 2670 968 2729 Ilierotgymus
1007 2666 1241 2714 Clu-Onici
1287 2666 1492 2728 Eusebio

86 2737 292 2787 subiecti
312 2740 451 2785 filum
469 2737 730 2801 abrumpit.
805 2736 919 2784 Non
953 2750 1072 2800 puto
1104 2736 1233 2783 enini
1263 2734 1490 2782 Ammia-

806 2823 834 2867 g
