1727 3144
230 185 323 229 108
465 186 734 231 AMMIASH
788 197 1177 241 MARceLLtNI
1224 197 1341 244 ΧΠ,
1392 198 1466 228 12.

216 308 309 355 iter
337 307 428 354 fibi
456 304 514 372 ³⁶)
544 306 809 372 aperiendo
846 305 1065 371 adusque
1098 307 1430 371 primanorum
1463 309 1629 373 legio—

215 395 328 424 nem
350 377 596 442 pervenit,
635 378 842 423 locatam
864 377 914 422 in
937 375 1102 423 medio
1134 377 1278 440 (quae
1315 378 1628 432 confirmatio

217 447 377 509 Castra
405 446 644 511 praetoria
669 444 938 510 dictitatur)
961 445 1048 491 uhi
1073 443 1264 492 denfior
1290 460 1336 494 et
1367 446 1627 494 ordinibus

156 537 157 540 ¹
214 516 443 581 frequens
478 516 644 575 miles,
688 514 831 562 instar
865 514 1074 562 turrium
1102 515 1198 573 fixa
1225 510 1458 583 firmitate
1496 533 1626 562 con-

213 584 400 645 fist-ens,
444 584 689 649 proelium
721 584 903 631 maiore
935 581 1111 648 spiritu
1141 584 1389 648 repetivit:
1433 598 1480 632 et
1513 585 1629 650 vul-¹

211 655 412 703 neribus
437 652 739 701 declinandis
761 654 1003 709 intentus,
1037 651 1174 717 [equi
1194 653 1245 699 in
1270 652 1476 701 modum
1498 653 1627 699 mir-

211 723 428 770 millonis
462 722 713 787 operiens,
756 722 969 769 hostium
1007 723 1183 783 latera,
1247 742 1370 787 quae
1410 722 1628 769 nudabat

139 792 196 837 50
211 792 282 840 ira
303 792 607 856 flagrantior,
643 790 868 838 districtis
890 790 1062 855 gladiis
1084 793 1381 855 perforabat.
1454 793 1524 838 At
1553 791 1627 837 illi

211 860 475 926 prodigere
510 863 657 909 vitam
691 878 777 924 pro
811 859 1016 907 victoria
1048 859 1426 921 contendentes,
1458 875 1627 907 tenta-

211 932 331 977 bant
360 931 564 994 agminis
594 930 743 976 nostri
772 929 931 976 laxare
965 947 1270 992 compagem.
1356 929 1457 977 Sed
1494 946 1626 975 con-

209 999 395 1046 tinuata
445 998 566 1047 ferie
623 1012 1012 1062 peremptorum,
1064 998 1480 1063 quosr'Romauns
1526 998 1624 1044 iam

208 1068 443 1115 fidentior
488 1067 677 1127 stravit,
737 1065 1071 1114 >succedebant
1110 1066 1309 1113 barbari
1349 1067 1626 1131 superstites

208 1138 504 1185 interfectis:
548 1135 817 1199 auditoque
850 1136 1250 1190 occumbentium
1288 1137 1474 1199 gemitu
1509 1154 1626 1182 cre—

134 1205 186 1251 51
209 1207 326 1266 bro,
376 1222 559 1270 pavore
593 1203 774 1268 perfuli
805 1205 1086 1268 torpebant.
1167 1204 1291 1252 Feffi
1310 1205 1525 1269 denique
1551 1217 1626 1252 tot

206 1275 476 1335 aerumnis,
512 1288 560 1321 et
581 1273 645 1319 ad.
667 1272 819 1318 solam
841 1271 1071 1335 deinceps
1101 1273 1283 1329 ftrenui
1311 1275 1501 1334 fugam,
1535 1291 1627 1338 per

209 1344 424 1393 diversos
459 1342 676 1389 tramites
705 1355 805 1387 tota
839 1341 1084 1388 celeritate
1117 1340 1285 1404 egredi
1309 1342 1623 1389 festinabant:

154 1454 170 1465 ,,
205 1429 261 1462 ‘ut
284 1432 309 1461 e
329 1412 505 1460 mediis
527 1410 781 1464 saevientis
810 1410 968 1473 pelagi
996 1410 1255 1470 fluctibus,
1306 1424 1623 1475 quocumque

205 1483 420 1532 avexerit
441 1495 612 1528 ventus
630 1517 642 1540 ,
680 1479 792 1527 eiici
814 1479 998 1533 nautici
1020 1492 1284 1543 properant
1309 1496 1356 1527 et
1374 1494 1620 1533 vectores:

207 1552 346 1618 quod
374 1551 477 1599 voti
500 1550 652 1613 magis
675 1566 821 1612 quam
843 1542 946 1611 spei
965 1546 1131 1609 fuiss'e,
1157 1548 1391 1597 fatebitur
1413 1549 1622 1614 quilibet

131 1626 189 1672 52
209 1635 324 1668 tunc
362 1618 606 1683 praesens.
696 1616 752 1680 ³⁷)
788 1616 1074 1680 Aderatque
1115 1617 1370 1680 propitiati
1405 1617 1621 1665 numinis

205 1689 465 1736 arbitrium
485 1687 722 1733 clemens:
757 1697 804 1730 et
821 1682 982 1730 secans
1007 1698 1138 1746 terga
1160 1684 1442 1733 cedentium
1464 1687 1621 1747 miles,

203 1777 317 1805 cum
345 1754 595 1810 interdum
626 1752 762 1807 flexis
791 1752 982 1798 enlibus
1014 1752 1231 1810 feriendi.
1254 1773 1355 1802 non
1397 1755 1625 1819 suppete-

158 1859 162 1865 .
203 1841 312 1876 rent
328 1826 670 1883 instrumenta,
703 1820 816 1885 ipfis
839 1821 1053 1872 barbaris
1082 1823 1177 1868 tela
1199 1841 1372 1870 eorum
1392 1825 1618 1871 vitalibus

200 1895 550 1959 immergebat:
584 1909 674 1939 nee
703 1890 964 1955 quisquam
1002 1892 1360 1940 vulnerantium
1387 1892 1619 1956 sanguine

202 1966 326 2012 iram
357 1962 592 2027 explevit,
636 1978 727 2011 nec
762 1958 952 2021 satiavit
979 1959 1127 2006 caede
1155 1961 1417 2025 multiplici
1440 1960 1617 2008 dexte-

129 2037 187 2085 53
207 2052 335 2094 ram,
381 2032 459 2080 vel
491 2029 745 2084 miseratus
771 2025 1135 2092 supplicantem
1165 2029 1398 2076 abscellit.
1471 2030 1618 2077 Iace-

156 2144 160 2151 ,
205 2105 322 2153 bant
368 2102 533 2165 itaque
584 2096 785 2163 plurimi
834 2097 1048 2143 transfixi
1100 2097 1336 2159 letaliter,
1400 2097 1617 2146 remedia

203 2167 709 2234 mortis-compendio
740 2165 1062 2230 postulantes:
1108 2166 1190 2213 alii
1232 2166 1495 2216 semineces
1536 2169 1614 2215 la-

201 2242 349 2288 bente
372 2239 469 2286 iam
490 2236 686 2304 spiritu,
729 2235 851 2281 lucis
881 2233 1075 2281 usuram
1103 2237 1255 2284 oculis
1290 2237 1615 2284 morientibus

200 2309 545 2374 inquirebant:
576 2302 904 2371 quorumdam
936 2304 1096 2368 capita
1129 2304 1313 2352 disciffa
1345 2306 1614 2352 trabalibus

202 2380 340 2438 telis,
387 2391 434 2425 et
464 2374 729 2441 pendentia
766 2373 942 2436 iugulis
971 2373 1327 2422 cohaerebant:
1382 2392 1492 2438 pars
1526 2391 1613 2438 per

204 2447 416 2494 lutosum
439 2460 486 2494 et
507 2444 753 2493 lubricum
776 2440 932 2489 solum
952 2442 1002 2488 in
1020 2441 1263 2490 sociorum
1280 2460 1454 2490 cruore
1474 2443 1518 2488 la
1524 2441 1610 2506 pfi,

206 2516 397 2563 intactis
450 2503 582 2561 ferro
622 2511 937 2576 corporibuS,
993 2513 1176 2559 acervis
1217 2511 1609 2576 superruentium

130 2589 189 2643 54
205 2585 371 2632 obruti
403 2584 715 2632 necabantur.
796 2580 934 2636 Quae
965 2580 1053 2627 ubi
1076 2580 1201 2628 ¹satis
1241 2597 1442 2629 evenere
1484 2598 1608 2643 pro-

201 2652 465 2717 sperrime‚
496 2650 701 2699 validius
725 2650 925 2695 instante
953 2649 1166 2714 victore,
1200 2649 1422 2698 acumina
1451 2647 1607 2696 denlis

250 2818 315 2865 δή)
342 2814 410 2850 Ms.
440 2813 628 2864 pariendo.
684 2816 746 2859 37)
773 2815 822 2848 al.
850 2812 998 2847 adorant
1027 2826 1132 2860 prop.
