1727 3144
1446 142 1470 153 η

136 152 699 188 VAL.GRAT1AN,ET
735 154 997 189 VALENT.
1037 156 1082 186 2.
1153 144 1268 202 578.
1375 143 1470 188 600

131 261 304 310 Haec
333 261 477 326 supei
504 264 710 312 Valente
739 263 904 312 dixiffe
937 263 1167 324 sufficiet,
1208 284 1331 329 quae
1361 284 1471 314 vena
1491 276 1518 318 8

69 327 162 377 effe
198 331 411 396 aequalis
444 333 589 380 nobis
617 334 852 381 memoria
886 333 1028 398 plene
1061 333 1271 380 testatur.
1342 334 1476 382 Illud

70 413 234 447 autem
265 402 520 464 praeteriri
544 420 644 449 non
673 403 928 464 convenit,
970 402 1107 468 quod
1135 420 1248 451 cum
1277 404 1474 452 oraculo

68 467 304 532 tripodis,
336 488 482 535 quem
501 470 700 519 moviffe
725 471 992 518 Patricium
1024 471 1281 518 docuimus
1310 485 1359 518 et
1389 472 1477 518 Hi-

67 535 270 598 larium,
305 553 348 585 ti
353 558 402 587 es
425 539 584 588 versus
605 541 715 587 illos
738 540 967 588 fatidicos
994 539 1477 604 comperiffet,qt10-

69 621 179 651 rum
209 607 409 655 ultimus
439 609 528 670 eit,
571 609 607 675 3)
637 609 708 661 Ἐν
734 602 922 660 πεὸιόισι
951 612 1193 671 Μίμαντος
1215 621 1336 661 αιλω
1356 629 1479 659 καιο-

67 674 214 738 μένοις
240 676 359 744 noiffi
401 677 526 736 hoc,
567 692 622 725 ut
651 692 753 725 erat
790 678 1203 725 inconsummatus
1242 693 1290 725 et
1326 677 1478 738 rudis,

67 743 196 791 inter
233 746 371 792 initia
401 748 442 810 ⁴)
465 735 837 793 contemnebat:
879 746 1101 807 plocess'u
1119 763 1234 792 vero
1255 747 1478 793 luctuum

67 813 391 860 maximorum
424 815 612 860 abiecte
638 813 786 860 etiam
815 812 1040 873 timidus,
1087 813 1306 861 eiusdem
1338 815 1481 860 sortis

68 879 410 928 recordatione
450 881 590 928 Asiae
630 899 811 928 nomen
851 881 1111 928 horrebat:
1174 883 1263 928 ubi
1299 882 1334 946 ⁵)
1364 882 1480 948 Ery-

66 948 239 997 thraeo
273 948 469 1014 oppido·
496 949 535 1014 ⁶)
562 948 925 1014 vsuperpositum
964 963 1184 997 montem
1223 949 1481 1011 Mimanta,

68 1031 116 1065 et
149 1017 425 1065 Homerum
455 1017 686 1082 scripfiss'e
718 1032 766 1065 et
798 1018 1017 1066 Tullium
1052 1017 1208 1065 doctis
1231 1019 1480 1066 referenti-

66 1085 158 1132 bus
188 1087 431 1134 audiebat.
510 1087 739 1152 Denique
769 1088 876 1150 post
907 1087 1159 1134 interitum
1184 1088 1285 1134 eius
1305 1087 1478 1136 disces·
1497 1107 1523 1147 9

66 1152 271 1219 sumque
301 1156 551 1216 hostilem,
598 1173 752 1220 prope
783 1156 978 1215 locum,
1023 1156 1074 1201 in
1113 1175 1211 1220 quo
1253 1155 1479 1204 cecidiss'e

69 1224 362 1271 existimatus
397 1225 487 1285 est,
527 1226 752 1271 inventus
781 1224 961 1271 dicitur
988 1224 1153 1271 saxeus
1173 1226 1480 1273 monumenti

65 1291 187 1356 ,sugg
191 1293 339 1356 estus,
392 1294 471 1340 cui
502 1294 624 1357 lapis
655 1293 840 1340 adfixus
868 1292 1030 1340 incisis
1068 1294 1220 1341 literis
1259 1295 1479 1356 Graecis,

69 1359 312 1424 sepultum
343 1362 415 1409 ibi
443 1363 662 1410 nobilem
694 1361 958 1428 quemdam
992 1361 1231 1410 Mimanta
1266 1378 1399 1411 vetei
1403 1382 1481 1411 em

71 1430 333 1479 indicabat.

169 1500 283 1548 XV.
320 1500 434 1548 Post
452 1500 696 1548 exitialem
720 1519 960 1565 pugnam,
1002 1519 1114 1547 cum
1144 1501 1239 1547 iam
1266 1500 1482 1548 tenebris
1508 1522 1527 1547 ι

74 1585 172 1616 nox
204 1583 354 1617 terras
382 1569 646 1634 implesset,
696 1569 775 1630 hi,
832 1571 915 1634 qui
957 1568 1264 1632 superfuere,
1316 1569 1483 1616 dextra

71 1654 207 1701 pars,
256 1639 338 1685 alii
367 1639 528 1700 laeva,
574 1639 651 1685 vel
679 1656 778 1703 quo
810 1653 966 1685 metus
996 1652 1226 1700 traxer‚at
1264 1638 1486 1685 fereban-

77 1720 181 1767 tur,
231 1708 441 1772 quisque
474 1708 722 1771 proximos
754 1725 1015 1772 quaerens:
1070 1725 1183 1754 cnm
1223 1721 1409 1771 praeter
1434 1705 1483 1753 se

72 1776 200 1822 nihil
230 1777 402 1840 linguli
441 1794 640 1824 cernere
681 1790 934 1840 poterant,
988 1776 1230 1840 occipitiis
1270 1775 1484 1840 propriis

72 1845 258 1891 serrum
288 1846 577 1893 arbinantes
613 1845 830 1892 haerere.
920 1844 1267 1893 Audiebantur
1303 1857 1483 1902 tamen,

72 1914 190 1961 licet
218 1914 439 1977 longius⁷
482 1915 686 1962 eiulatus
713 1912 1011 1961 miserabiles
1044 1914 1355 1970 relictorum,
1398 1911 1487 1958 fin-

75 1982 333 2047 gultusque
369 1983 711 2044 morientium,
763 1996 811 2030 et
845 1982 1212 2029 vulneratorum
1249 1980 1489 2028 cruciabi-

75 2053 143 2098 les
175 2054 332 2104 fletus.

171 2120 306 2166 Luce
326 2135 442 2165 vero
457 2131 719 2182 coeptante
744 2118 980 2179 victoreS‚
1011 2131 1064 2164 ut
1091 2117 1269 2165 bestiae
1299 2116 1486 2180 sangui·
1505 2132 1534 2160 2

78 2187 153 2235 nis
175 2188 480 2235 irritamento
498 2187 714 2233 atrocius
735 2187 983 2244 efferatae,
1017 2184 1119 2249 spei
1143 2185 1300 2232 inanis
1329 2187 1489 2233 illece-

80 2257 182 2304 bris
233 2256 424 2320 agitati‚
485 2254 897 2320 Hadrianopolim
946 2255 1220 2318 agminibus
1274 2256 1489 2317 petivere

82 2324 310 2382 densatis,
343 2342 450 2372 eam
471 2324 550 2371 vel
567 2342 680 2370 cum
703 2324 1066 2372 discriminibus
1090 2323 1292 2370 excisuri
1311 2322 1490 2389 postre-

84 2395 204 2442 mis:
241 2392 373 2441 docti
398 2410 481 2457 per
501 2392 777 2457 proditores
799 2408 845 2441 et
867 2393 1158 2456 transfugas,
1202 2392 1491 2456 potestatum
1539 2447 1545 2449 ῃ

84 2463 297 2510 culmina
316 2462 648 2520 maximarum,
681 2476 729 2509 et
748 2463 970 2510 fortunae
993 2461 1274 2525 principalis
1293 2459 1493 2523 insignia

85 2531 436 2596 thesaurosque
455 2530 672 2578 Valentis
687 2567 700 2592 ‚
734 2532 834 2579 illic
858 2545 912 2577 ut
932 2532 1085 2577 arduo
1106 2529 1155 2575 in
1187 2530 1493 2576 munimento

135 2667 176 2711 3]
203 2664 269 2699 ΝΠ
297 2663 595 2703 EMnaldIOICI
623 2660 884 2700 MIMaNTOC
912 2663 1339 2697 ala'AIRalOMFNOlaP.
1374 2659 1495 2737 Stefilt,

154 2729 185 2744 τ
182 2717 247 2745 ³1¹0
252 2729 295 2747 m
327 2717 505 2757 μίμαντος
528 2714 667 2748 ΑῘΑΛῘ
674 2711 994 2745 ΛΑῙΟΜΕΝΟΙΟ
1021 2713 1093 2743 ΛΡ.
1147 2706 1192 2752 4)
1221 2704 1424 2740 condemna
1475 2715 1496 2738 1

89 2766 127 2799 5)
156 2758 278 2804 bleplz.
307 2756 515 2793 Erichtheo.
566 2757 610 2803 (j)
634 2754 702 2789 Ms.
730 2756 793 2802 lup
783 2752 1002 2801 milesium).
