1727 3144
194 158 288 202 280
431 170 703 202 ΑΜΜΙΛΝῙ
755 171 1148 204 MARCELLINI
1188 171 1318 216 xxix,
1363 159 1408 203 8⁷.

194 298 290 344 qua
346 277 557 327 declinat
594 279 645 326 in
679 280 715 344 ⁵)
736 277 1016 342 vesperum,
1073 279 1307 328 Romanis
1351 278 1620 345 provinciis

195 348 517 397 terminatur:
552 348 683 396 unde
710 348 908 412 suspicit
940 347 1069 395 [idus
1103 363 1351 409 arctoum,
1393 349 1622 397 homines

199 419 284 466 alit
309 418 490 479 linguis
519 432 565 464 et
597 418 818 465 moribus
850 417 1097 481 dispares:
1162 419 1285 466 latus
1319 419 1422 465 eius
1459 417 1625 464 austri-

131 506 186 537 12
204 506 321 536 num
350 486 488 535 molli
523 486 796 534 devexitate
827 485 1137 534 subductum.
1231 486 1324 534 Per
1366 487 1486 534 haec
1527 505 1628 533 am-

204 555 411 622 pliffima
453 555 605 620 spatia
647 555 831 621 oppida
873 555 982 602 sunt
1022 553 1233 620 dispersa
1289 556 1624 603 Graecorum:

207 642 331 688 quae
360 638 534 673 cuncta
579 626 816 673 aetatibus
858 625 1004 673 variis
1045 639 1234 690 praeter
1272 643 1426 689 pauca
1472 623 1637 670 Athe..

209 693 446 743 nienfiuin
471 694 637 742 coloni
656 692 926 742 condidere
948 693 1152 754 Milesii,
1185 695 1313 741 inter
1341 694 1484 740 Ionas
1506 692 1628 738 alios

208 763 261 811 iu
282 761 394 811 Asia
418 779 505 826 per
532 762 732 813 Nileum
764 763 920 812 multo
955 777 1064 810 ante
1093 763 1272 820 locati,
1313 761 1467 810 Codri
1496 759 1628 807 illius

211 831 398 892 filium,
429 830 581 894 quise
609 849 698 898 pro
721 832 876 895 patria
906 832 1038 880 bello
1070 833 1224 879 feltul
1260 831 1447 879 Dorico
1482 828 1631 877 devo·-

143 899 763 950 13visse.Ext1—emitates
798 914 959 948 autem
989 919 1126 949 arcus
1169 901 1418 964 utrimque
1459 911 1632 945 tenues

216 966 316 1016 duo
351 968 629 1030 exprimunt
665 969 905 1033 Bospori,
961 986 986 1016 e
1029 968 1228 1033 iegione
1267 968 1359 1017 fibi
1399 965 1630 1043 oppositi,

216 1036 459 1083 Thracius
500 1051 546 1084 et
581 1037 930 1085 Cimmericus:
966 1037 1058 1084 hac
1091 1036 1231 1085 causa
1263 1036 1476 1100 Bospoii
1499 1053 1635 1083 vocl-

214 1105 328 1164 tati,
367 1103 503 1167 quod
525 1123 612 1169 per
633 1122 715 1152 eos
740 1104 989 1168 quondam
1012 1105 1186 1153 Inachi
1206 1106 1306 1153 filia
1340 1119 1523 1153 mutata
1558 1107 1635 1167 (ut

215 1179 391 1237 poetae
411 1173 701 1240 loquuntur)
724 1173 774 1220 in
795 1174 999 1234 hovem,
1043 1173 1104 1222 ad
1133 1191 1265 1225 mare
1298 1174 1498 1222 Ionium
1527 1190 1636 1239 per-

220 1253 418 1288 meavit.

147 1310 203 1365 ¹4
317 1308 581 1357 Dextram
571 1308 718 1371 igitur
736 1309 1054 1359 inflexionem
1074 1310 1287 1375 Bospori
1321 1307 1528 1359 Thracii
1559 1327 1638 1357 ex..

220 1377 342 1441 cipit
361 1376 619 1442 Bithyniae
639 1378 789 1440 latus,
834 1397 983 1443 quam
1015 1393 1201 1428 veteres
1236 1378 1402 1427 dixere
1430 1376 1639 1455 Mygdo-

219 1447 379 1493 niam:
412 1446 462 1493 in
485 1465 579 1510 qua
602 1446 796 1512 Thynia
826 1462 874 1496 et
905 1447 1224 1497 Mariandena
1253 1447 1364 1496 sunt
1393 1447 1638 1511 regiones,

221 1529 270 1561 et
291 1515 463 1579 Amyci
485 1515 681 1563 saevitia
702 1517 947 1583 Bebryces
970 1518 1184 1583 exempti
1206 1536 1278 1566 vn
1283 1531 1383 1565 tute
1405 1516 1639 1594 Pollucis,

223 1596 510 1660 iemotaque
538 1583 704 1646 statio,
751 1585 804 1632 in
839 1606 934 1652 qua
963 1587 1217 1636 volitantes
1245 1586 1500 1634 minaciter
1529 1584 1639 1633 har-

223 1654 356 1716 pyias
388 1652 601 1698 Phineus
633 1668 764 1702 vates
799 1654 1057 1704 horrebat:
1104 1675 1192 1721 pei
1236 1673 1360 1720 quae
1391 1654 1597 1701 littora
1585 1672 1639 1701 m

224 1720 353 1767 linus
380 1721 621 1785 oblongos
641 1738 837 1771 curvata
858 1724 1121 1788 Sangarius
1154 1739 1202 1773 et
1227 1723 1440 1789 Phyllis,
1479 1737 1528 1770 et
1558 1722 1641 1769 Bi-

227 1806 304 1835 zes
337 1802 385 1836 et
415 1789 610 1838 Rhebas
645 1792 782 1838 fluvii
824 1792 1097 1842 funduntur
1135 1794 1187 1840 in
1227 1793 1404 1841 maiia:
1459 1791 1639 1857 quibus

227 1857 566 1906 controversae
601 1874 853 1909 extraneae
882 1862 991 1908 sunt
1029 1861 1408 1939 SymplegadeS,
1457 1859 1641 1923 gemini

225 1924 456 1988 scopuli
444 1944 494 1973 m
535 1928 737 1974 vertices
765 1929 986 1994 undiquc
1026 1931 1241 1994 porrecti
1269 1930 1518 1993 diruptos,
1557 1927 1641 1974 ad-

227 1992 351 2042 sueti
372 1993 540 2058 priscis
559 1994 760 2042 saeculis
782 1998 976 2044 obviam
1000 1998 1090 2045 libi
1118 2017 1231 2045 cum
1261 1995 1530 2045 horrendo
1547 1996 1590 2043 fi
1595 2015 1643 2043 a·

231 2079 347 2124 gore
370 2062 546 2110 collifis
566 2064 779 2112 molibus
801 2065 941 2125 ferri,
983 2065 1022 2130 ⁶)
1043 2066 1372 2131 cedentesque
1403 2051 1640 2112 retrorsus

230 2130 330 2178 acii
353 2130 543 2178 adsultu
566 2132 626 2179 ad
650 2150 704 2180 ea
731 2135 925 2193 leverti,
963 2152 1086 2198 quae
1109 2133 1367 2201 pulsarant
1439 2133 1532 2180 Per
1551 2132 1640 2181 has

227 2197 449 2248 saxorum
489 2198 843 2248 dehiscentium
884 2202 1374 2268 concursantiumque
1410 2201 1644 2250 crebrita-

230 2281 326 2327 tes,
358 2267 396 2316 sl
418 2268 564 2316 etiam
583 2270 679 2317 ales
710 2269 1058 2332 inteivolasset,
1103 2273 1234 2319 nulla
1259 2271 1503 2319 celeritate
1534 2271 1643 2335 pin-

161 2335 214 2380 15
232 2354 404 2384 narum
431 2337 557 2404 eripi
593 2352 809 2403 poterat,
857 2339 976 2405 quin
1005 2341 1227 2389 interiret
1257 2339 1489 2416 oppressa.
1571 2338 1640 2388 Hi

231 2403 437 2468 scopuli,
469 2425 582 2454 cum
608 2425 690 2455 eos
714 2407 848 2472 Argo
884 2409 1036 2474 prima
1075 2410 1297 2457 oxnnium
1328 2426 1489 2471 navis,
1529 2407 1643 2454 Col-

232 2472 353 2520 chos
376 2475 438 2522 ad
459 2474 786 2540 direptionem
806 2477 938 2524 aurei
962 2496 1226 2542 properans
1246 2476 1470 2534 velleris,
1504 2492 1642 2541 piae-

234 2541 414 2591 teriffet
455 2544 679 2604 innoxia,
744 2545 1022 2594 immobiles
1060 2548 1254 2596 tuibine
1296 2544 1639 2594 circumfracto

232 2609 402 2658 stetere
423 2630 607 2662 concor
611 2614 794 2679 porati,
829 2629 885 2663 ut
913 2633 996 2663 eos
1018 2615 1282 2682 aliquando
1303 2613 1441 2663 fuiss'e
1465 2612 1642 2662 direm-

275 2775 314 2815 ἐξ)
340 2771 408 2808 Ms.
436 2774 623 2822 vesperum
648 2777 744 2814 ultro
768 2779 924 2819 Roman.
978 2780 1018 2827 6)
1041 2780 1111 2816 ΜΓ.
1141 2780 1397 2829 cadentesque.
