1727 3144
185 171 454 204 vALnN'r.
497 170 624 202 van.
673 170 747 200 ET
791 169 1091 202 GRA‘MAN.
1165 159 1277 206 568.
1396 163 1494 212 465

77 279 241 329 sciam.
314 278 461 327 Unde
501 294 692 328 morato
721 280 770 327 in
800 279 974 328 itinere
1003 278 1184 328 diutius
1211 282 1494 349 successore,

77 348 352 414 progress‘us
376 349 438 396 ad
462 348 730 397 curandam
756 350 891 397 urbis
912 367 1178 410 annonam,
1214 354 1356 399 etiam
1385 374 1495 416 pro-

75 418 264 467 vinciae
293 419 331 483 ⁷)
352 418 685 466 moderamina
705 419 972 468 retinebat:
1005 419 1200 485 egitque
1221 420 1494 472 considera-

74 487 212 535 tione
248 488 430 552 triplici
459 489 586 537 inter
613 489 816 537 exordia
846 489 1049 536 cautius.
1120 489 1311 552 Primo,
1356 492 1536 556 quod7

75 557 354 604 recalebant
385 557 434 604 in
469 559 666 605 auribus
698 559 800 607 eius
834 560 1044 623 parentis
1066 559 1228 620 effata,
1265 559 1388 624 quid
1412 580 1494 609 au-

78 625 268 689 gurales
297 626 434 674 alites
460 629 536 675 vel
555 643 724 676 cantus
746 641 1002 675 monerent
1028 626 1246 675 oscinum
1268 628 1492 694 adprime

77 695 298 742 callentis
316 732 329 756 ,
361 696 579 761 adusque
606 697 831 743 sublimia
859 697 1153 759 regimenta,
1188 696 1272 745 sed
1310 698 1493 762 peritu-

74 781 184 810 rum
215 764 346 812 ferro
373 765 596 827 poenali:
652 764 790 825 dein,
853 764 990 828 quod
1033 780 1200 812 nactus
1234 767 1491 816 hominem

70 831 309 892 Sardum,
354 850 500 895 quem
531 831 633 896 ipse
673 833 832 896 postea
854 850 941 896 per
966 831 1159 879 dolosas
1186 835 1398 882 fallacias
1422 837 1492 882 in-

0 929 1 935 1
70 900 290 961 teremit,
334 914 390 946 ut
419 901 722 949 circumtulit
753 920 943 962 rumor,
989 902 1218 950 eliciendi
1249 905 1488 953 animulas

69 969 233 1016 noxias
252 983 300 1017 et
321 969 565 1034 praesagia
584 969 841 1018 sollicitare
861 971 1103 1017 larvarum
1127 990 1362 1037 perquam
1377 992 1492 1038 gna-

71 1056 207 1085 rum:
255 1037 373 1086 dum
411 1037 670 1104 supereffet
706 1040 816 1100 ille,
852 1039 1054 1100 timenS,
1084 1056 1145 1086 ne
1179 1041 1486 1105 proderetur,

68 1107 336 1154 tractabilis
377 1122 479 1155 erat
512 1122 560 1156 et
596 1108 821 1155 mollior:
883 1107 1145 1171 postremo,
1193 1109 1329 1173 quod
1368 1125 1486 1157 tam-

68 1194 217 1240 quam
245 1175 585 1224 subterraneus
615 1176 805 1241 serpens
829 1194 912 1240 per
933 1177 1197 1224 humiliora
1230 1179 1486 1242 reptando,

68 1243 293 1291 nondum
324 1244 531 1293 maiores
563 1247 790 1293 funerum
833 1247 1041 1292 excitare
1072 1260 1264 1309 poterat
1303 1248 1483 1295 causas.

43 1362 46 1365 ,
169 1313 474 1378 Principium
517 1329 707 1374 autem,
764 1313 894 1361 unde
934 1316 1073 1361 latius
1110 1315 1153 1362 se
1193 1316 1530 1380 funditabat,8

68 1381 259 1428 emerfit
282 1400 338 1429 ex
362 1383 558 1446 negotio
584 1384 682 1430 tali.
719 1384 864 1431 Chilo
893 1402 947 1430 ex
970 1385 1170 1431 Vicario
1199 1399 1247 1431 et
1266 1388 1482 1433 coniunx

68 1450 171 1498 eius
195 1451 406 1498 Maxima
429 1454 644 1513 nomine,
670 1454 823 1517 questi
847 1452 978 1515 apud
1001 1453 1260 1517 olybrium
1285 1473 1335 1501 ea
1364 1469 1484 1502 tem-

66 1519 246 1582 pestate
265 1520 379 1566 urbi
401 1522 717 1584 praefectum,
752 1521 995 1585 vit-,unque
1020 1523 1151 1568 suam
1177 1524 1374 1570 venenis
1403 1542 1485 1587 pe-

71 1588 206 1635 titam
228 1587 563 1638 adseverantes
594 1591 942 1654 impetrarunt,
978 1604 1031 1635 ut
1060 1591 1128 1649 hi,
1164 1594 1286 1655 quos
1326 1593 1481 1656 suspe-

68 1657 185 1704 ctati
215 1656 353 1715 sunt,
397 1658 531 1706 illico
564 1660 690 1724 rapti
721 1662 1152 1722 compingerentur
1184 1661 1231 1705 in
1259 1661 1479 1708 vincula:

69 1726 351 1789 organarius
385 1727 607 1792 Sericus⁷
647 1742 695 1775 et
718 1728 958 1774 Asbolius
991 1729 1282 1791 palaestrita,
1322 1745 1369 1777 et
1397 1732 1481 1777 ha-

67 1793 241 1858 ruspex
264 1795 557 1860 Campenfis.
630 1800 811 1846 Verum
838 1797 1034 1859 negotio
1063 1799 1333 1860 tepescente
1355 1799 1394 1864 ⁸)
1412 1801 1475 1846 ob
1496 1815 1525 1857 9

69 1862 351 1910 diuturnam
382 1866 670 1913 morborum
705 1866 1035 1929 asperitatem,
1093 1884 1187 1929 qua
1225 1867 1482 1914 tenebatur

69 1932 328 1997 Olybrius:
373 1934 413 1998 ⁹)
441 1952 689 1981 morarum
728 1934 1035 1997 impatientes
1059 1933 1108 1979 hi
1125 1971 1137 1994 ,
1173 1935 1257 1999 qui
1277 1953 1378 1983 rem
1399 1937 1480 1983 de-

71 2001 312 2062 tulerunt,
359 2001 530 2050 libello
576 2003 851 2067 petiverunt
885 2003 1050 2048 oblato
1064 2033 1088 2061 ,-
1119 2017 1173 2049 ut
1208 2004 1482 2051 examinan-

68 2068 186 2116 dum
206 2070 416 2134 iurgium
445 2073 691 2135 praefecto
714 2070 1026 2118 mandaretur
1044 2089 1288 2119 annonae:
1325 2073 1477 2137 idque

66 2137 226 2185 studio
247 2140 505 2187 celeritatis
526 2140 801 2188 conceffum
822 2140 901 2187 est.
984 2141 1200 2204 Accepta
1225 2141 1372 2203 igitur
1392 2159 1476 2188 no·
1496 2154 1551 2182 10

66 2206 211 2254 cendi
235 2207 431 2254 materia
453 2208 745 2255 Maximinus
762 2209 933 2256 effudit
953 2210 1210 2273 genuinam
1224 2209 1476 2270 ferociam,
1530 2245 1532 2247 -

66 2276 259 2341 pectori
278 2274 434 2323 crudo
456 2275 660 2323 adfixam
680 2297 688 2324 2
731 2291 785 2324 ut
812 2277 949 2342 saepe
972 2278 1154 2324 faciunt
1175 2278 1479 2340 amphithea-

67 2345 212 2392 trales
238 2344 395 2402 ferae,
428 2343 658 2392 diffractis
680 2345 875 2394 tandem
898 2346 1079 2393 solutae
1106 2345 1313 2409 posticis.

174 2415 398 2479 Cumque
428 2415 793 2462 multiformiter
824 2418 953 2479 quafi
982 2415 1031 2460 in
1065 2414 1302 2477 proludiis
1329 2432 1477 2477 nego-

70 2481 192 2528 tium
214 2482 528 2546 spectaretur,
560 2497 607 2530 et
632 2483 832 2547 quidam
858 2485 1046 2530 sulcatis
1069 2483 1299 2529 lateribus
1321 2486 1476 2529 nomi-

70 2549 254 2598 nass‘ent
288 2553 478 2600 nobiles
514 2552 728 2615 aliqum,
782 2567 1026 2617 tamquam
1065 2557 1174 2597 ulos
1206 2553 1474 2598 artificibus

71 2618 298 2666 laedendi
347 2639 433 2685 per
470 2622 699 2682 clientes,
754 2623 972 2686 aliosque
1005 2620 1213 2666 humiles
1243 2624 1301 2686 ²0)
1331 2636 1473 2668 notos

75 2729 186 2738 au.—

118 2784 154 2828 7)
183 2781 252 2818 Ms.
284 2782 543 2819 moderamine.
592 2787 632 2831 8)
655 2783 705 2816 al.
733 2781 792 2816 ob.
813 2784 880 2872 ‘95
909 2782 959 2814 al.
984 2792 1114 2815 morae.
1170 2784 1224 2822 ιο)
1251 2781 1303 2815 al.
1337 2792 1477 2819 notans.

832 2855 858 2877 1
880 2847 908 2893 a
