1727 3144
527 187 906 221 loleixius.
981 174 1095 222 564.
1397 182 1490 222 401

181 297 313 345 Hinc
336 316 534 363 quoque
554 298 810 346 Iovianum
829 297 978 346 celeri
999 295 1153 361 gradu
1178 297 1495 361 praescriptus

87 367 212 416 vitae
222 368 431 415 finiend
425 387 476 414 ie
502 368 614 415 dies
632 368 803 430 exegit.
897 368 1019 415 Cum
1042 365 1171 413 enim
1190 367 1388 414 veniffet
1405 369 1500 415 Da-

88 437 470 502 daIt¹1na1n‚qui
490 439 626 484 locus
647 435 928 502 Bithyniam
950 416 1199 500 distinguit
1222 449 1269 482 et
1289 436 1499 496 Galatas,

89 507 386 554 exanimatus
420 505 643 554 inventu's
673 505 738 553 est
772 520 944 553 nocte:
999 506 1138 569 super
1177 505 1314 551 cuius
1360 505 1500 551 obitu

85 575 127 639 9)
156 576 429 621 dubietates
463 574 696 622 emersere
717 576 1010 639 complures.
1083 575 1254 622 Fertur
1278 572 1408 620 enim
1430 591 1499 620 re-

87 645 217 690 centi
251 645 382 691 calce
414 645 629 690 cubiculi
660 644 772 690 illiti
802 644 929 691 ferre
964 643 1170 692 odorem
1195 642 1396 689 noxium
1418 659 1500 688 ne-

88 713 318 775 quiviss'e,
363 714 439 760 vel
471 714 750 759 extuberato
794 712 953 774 capite
985 711 1156 778 periffe
1189 710 1499 758 succenfione

86 798 355 846 prunarum
385 780 638 840 immensa,
687 793 769 826 aut
798 794 929 826 certe
963 797 1019 827 ex
1054 781 1332 827 colluvione
1365 780 1501 826 cibo-

88 868 198 896 rum
233 848 373 897 avida
402 847 642 896 cruditate
674 848 928 895 distentus.
1002 848 1209 896 Decessit
1235 863 1395 896 autem
1420 867 1500 895 au-

85 935 152 964 no
178 917 420 966 tricefimo
441 918 608 964 aetatis
631 931 677 965 et
698 917 858 965 tertio.
942 918 1165 982 Cumque
1189 918 1303 964 huic
1328 931 1374 965 et
1405 919 1500 964 Ae-

85 987 289 1035 miliano
312 987 535 1051 Scipioni
562 987 686 1034 vitae
714 985 866 1033 exitus
889 986 1052 1032 [imilis
1075 987 1326 1045 eveniss'et‚
1358 985 1500 1049 super

86 1057 306 1104 neutrius
337 1071 495 1104 morte
516 1056 846 1119 quaestionem
869 1056 1199 1119 comperimus
1222 1055 1462 1119 agitatam.

188 1125 454 1173 Incedebat
495 1139 654 1171 autem
697 1138 837 1172 motu
873 1124 1094 1188 corporis
1131 1124 1289 1187 gravi,
1363 1125 1499 1171 vultu

83 1193 368 1256 laetissimo‚
400 1195 554 1242 oculis
580 1192 760 1254 caefiis,
794 1193 915 1240 vasta
946 1194 1238 1256 proceritate
1263 1207 1310 1239 et
1330 1191 1498 1254 ardua,

85 1262 208 1310 adeo
240 1278 295 1310 ut
327 1263 413 1310 diu
442 1264 631 1309 nullum
652 1261 993 1309 indumentum
1018 1262 1204 1325 regium
1228 1265 1290 1309 ad
1312 1261 1500 1308 mensu-

84 1351 189 1378 ram
222 1332 324 1379 eius
357 1346 522 1396 aptum
550 1331 862 1379 inveniretur.
945 1331 1005 1377 Et
1035 1331 1266 1379 aemulari
1290 1332 1500 1378 malebat

89 1401 448 1462 Constantium,
500 1419 643 1464 agens
677 1399 795 1447 seria
830 1399 1069 1464 quaedam
1105 1400 1362 1464 aliquoties
1396 1401 1500 1463 post

86 1470 371 1516 meridiem:
450 1470 697 1533 iocarique
730 1470 884 1532 palam
923 1487 1034 1515 cum
1069 1469 1301 1533 proximis
1333 1467 1499 1515 adsue-

87 1552 181 1585 tus.
255 1538 554 1585 Christianae
577 1539 696 1601 legis
726 1538 858 1584 idem
887 1538 1152 1597 studiosus,
1188 1552 1234 1584 et
1258 1556 1498 1594 nonnum-

87 1626 236 1672 quam
258 1607 590 1668 honorificus,
622 1606 937 1653 mediocriter
960 1606 1204 1666 eruditus,
1249 1607 1500 1671 magisque

85 1676 374 1737 benivolus,
420 1690 466 1723 et
499 1676 802 1741 perpenfius‚
851 1689 904 1722 ut
931 1675 1195 1739 adparebat
1237 1694 1292 1723 ex
1330 1676 1500 1740 paucis

89 1763 213 1810 quos
247 1759 581 1808 promoverat,
619 1745 806 1791 iudices
846 1744 1110 1791 electurus:
1161 1744 1282 1791 edax
1319 1759 1499 1804 tamen,

89 1827 137 1861 et
158 1813 276 1861 vino
305 1814 587 1878 Venerique
610 1812 893 1876 indulgens,
950 1832 1074 1878 quae
1108 1813 1223 1860 vitia
1256 1813 1500 1878 imperiali

88 1881 383 1930 verecundia
417 1882 614 1929 forfitan
646 1881 938 1929 correxill'et.
1033 1882 1302 1929 Dicebatur
1337 1896 1498 1929 autem

88 1951 423 1999 Varronianus
447 1966 581 2015 pater
603 1953 704 1999 eius
726 1952 917 1998 monitu
933 1950 1187 1998 cuiusdam
1213 1950 1389 1998 somnii
1413 1951 1501 1997 du-

91 2019 209 2067 dum
238 2019 513 2084 praesciffe,
573 2020 708 2085 quod
747 2019 935 2080 evenit,
975 2019 1125 2083 idque
1160 2020 1353 2067 duobus
1385 2020 1501 2066 ami-

89 2089 159 2136 cis
184 2088 468 2136 commififfe
492 2089 745 2150 fidiffimis‚
765 2089 851 2135 illo
872 2087 1084 2144 adiecto,
1117 2088 1252 2153 quod
1273 2087 1360 2151 ipfi
1382 2105 1502 2150 quo-

91 2175 187 2222 que
232 2156 501 2204 deferretm
528 2159 691 2206 trabea
729 2157 1007 2204 consularis.
1099 2156 1198 2204 Sed
1239 2157 1500 2219 impetrato

88 2244 191 2273 uno
210 2263 222 2286 ,
268 2225 469 2289 adipisci
501 2244 601 2273 non
631 2220 792 2291 potuit
821 2225 969 2273 aliud.
1052 2225 1235 2272 Audita
1260 2225 1388 2271 enim
1411 2225 1502 2270 filii

90 2294 291 2342 celfiore
332 2295 552 2355 fortuna,
630 2309 890 2360 antequam
933 2313 1042 2343 eum
1091 2294 1303 2353 videret,
1365 2292 1502 2339 fatali

90 2377 383 2428 praeventus
406 2363 471 2410 est
492 2378 663 2411 morte.
737 2364 799 2410 Et
821 2366 932 2429 quia
957 2363 1072 2410 huic
1095 2362 1280 2408 nomini
1310 2360 1501 2425 amplis-

87 2432 263 2480 fimum
291 2433 619 2496 magistratum
655 2434 911 2497 portendi,
954 2450 1037 2496 per
1074 2431 1286 2494 quietem
1313 2429 1501 2493 praedi-

93 2515 229 2548 ctum
255 2501 320 2549 est
339 2500 465 2548 seni:
511 2501 842 2549 Varronianus
871 2518 1022 2566 nepos
1054 2501 1153 2546 eius
1180 2500 1335 2546 infans
1354 2499 1500 2545 etiam

89 2584 221 2632 tum,
251 2589 363 2618 cum
384 2570 588 2618 Ioviano
606 2584 744 2635 patre
764 2571 1032 2622 declaratus
1059 2568 1148 2631 est,
1180 2583 1234 2616 ut
1251 2566 1393 2632 supra
1423 2585 1494 2616 re-

94 2640 320 2699 tulimus,
354 2638 536 2689 consul.

579 2751 688 2760 -a

138 2804 181 2850 9)
216 2805 266 2837 al.
310 2802 567 2839 dubitationes.

885 2850 975 2895 Cc

1520 317 1573 347 12

1526 1891 1577 1933 16

1521 2375 1572 2420 17
