1727 3144
1492 116 1511 127 ,-

289 124 718 155 cons'rANTIUS
750 125 824 154 ET
855 125 1161 155 immamus.
1236 114 1351 172 559.
1458 129 1547 173 107

135 234 285 281 ferret
315 234 560 294 examina,
604 250 816 298 quorum
845 236 886 298 ⁴)
917 232 1133 298 paucitas
1152 233 1350 282 difficile
1377 238 1511 283 toler
1505 256 1549 283 Ἰ-

137 303 253 350 tur?
335 303 518 350 Actum
549 303 615 350 est
640 317 804 350 tamen
837 303 1051 364 cautius,
1091 321 1179 364 ne,
1223 316 1278 349 ut
1314 306 1544 367 fingebat,
1558 309 1585 350 6

136 371 296 419 rursus
320 373 501 419 accitus
525 371 657 420 idem
680 371 930 419 Urlicinus
951 386 1086 420 metu
1115 386 1291 420 cuncta
1311 375 1480 420 turbat
1485 387 1546 433 et,

134 439 220 488 sed
260 461 374 488 cum
405 442 441 507 ⁵)
482 442 584 489 fors
623 440 820 506 copiam
873 440 1138 502 detuliss'et,
1195 455 1446 506 raperetur
1487 442 1548 490 ad

136 525 363 558 mortem.
1419 552 1421 554 ,

238 580 373 627 Haec
393 578 763 644 opperientibus
782 579 903 640 illis,
939 593 988 626 et
1009 579 1212 643 ancipiti
1247 579 1586 642 cogitatione7

134 647 387 709 districtis,
457 648 603 694 nobis
659 647 791 713 apud
838 647 1168 708 Samosatam,
1227 649 1548 712 Commageni

132 717 386 781 quondam
415 716 552 779 regni
582 716 884 765 clariffimam
911 717 1101 779 sedem,
1141 735 1405 782 parumper
1443 737 1546 765 mo-

131 785 375 848 rantibus,
408 798 608 849 repente
627 787 747 833 novi
768 801 933 835 motus
965 787 1245 835 rumoribus
1276 786 1432 835 denfis
1466 806 1546 833 au-

131 854 333 901 diuntur
354 868 402 902 et
418 853 457 920 ⁶)
482 852 745 917 confertis,
776 874 902 921 quos
932 856 1135 904 docebit
1163 856 1400 904 orationis
1432 875 1545 921 pro-

133 923 358 988 grediens
369 925 408 989 ⁷)
421 937 594 971 textus.

224 994 288 1042 V.
321 994 604 1041 Antoninus
620 990 824 1058 quidam
844 1011 900 1041 ex
920 1007 1194 1042 mercatore
1215 995 1452 1059 opulento
1474 1014 1540 1041 ra-
1557 1015 1575 1039 1

127 1062 365 1111 tionarius
386 1061 638 1127 adparitor
661 1061 1048 1127 Mesopotamiae
1079 1063 1244 1124 ducis,
1284 1077 1401 1110 tunc
1432 1082 1543 1127 pro-

129 1147 310 1193 tector,
345 1132 634 1180 exercitatus
668 1146 716 1179 et
745 1133 988 1197 prudens,
1035 1151 1221 1197 perque
1246 1150 1414 1180 omnes
1437 1134 1541 1179 illas

127 1201 396 1248 notiffimus
429 1215 606 1264 terras,
648 1202 880 1249 aviditate
913 1203 1242 1266 quorumdam
1278 1219 1431 1248 nexus
1471 1201 1543 1246 in-

130 1271 354 1333 gentibus
387 1268 602 1329 damnis,
635 1287 749 1315 cum
776 1270 1018 1332 iurgando
1040 1283 1209 1316 contra
1243 1283 1465 1332 potentes
1492 1269 1541 1317 se

131 1339 284 1403 magis
328 1337 580 1401 magisque
637 1337 868 1383 iniustitia
910 1338 1065 1401 frangi
1110 1339 1540 1402 contemplaretur,

131 1408 193 1455 ad
227 1409 261 1472 ¹)
297 1405 613 1454 deferendam
645 1406 924 1468 potioribus
954 1407 1182 1469 gratiam,
1224 1408 1309 1472 qui
1356 1407 1542 1472 specta-

129 1478 248 1524 bant
267 1475 545 1540 negotium,
573 1473 818 1521 inclinatis
837 1493 845 1519 :
882 1493 941 1522 ne
962 1489 1131 1522 contra
1154 1477 1377 1523 acumina
1398 1478 1540 1523 calci-

130 1560 306 1606 traret,
352 1544 487 1591 flexit
515 1542 602 1590 se
589 1561 641 1588 m
678 1542 942 1588 blanditias
972 1544 1248 1591 molliores:
1280 1546 1542 1593 confessiis-

130 1633 225 1681 que
257 1613 504 1672 debitum,
539 1628 629 1675 per
663 1611 878 1658 colludia
912 1612 963 1657 in
991 1629 1173 1659 nomen
1199 1611 1302 1659 fisci
1341 1615 1540 1661 transla-

128 1699 259 1745 tum,
311 1683 508 1746 iamque
539 1678 777 1727 ausurus
764 1681 1022 1738 immania,
1063 1680 1332 1731 rimabatur
1363 1682 1539 1730 tectius

129 1755 199 1802 rei
216 1751 444 1825 publicae
465 1749 686 1797 membra
703 1751 877 1797 totius:
905 1764 953 1797 et
971 1750 1226 1816 utriusque
1249 1753 1444 1817 linguae
1464 1753 1541 1799 lit-

124 1838 251 1871 teras
277 1821 458 1897 sciens,
508 1818 638 1866 circa
679 1819 931 1866 ratiocinia
972 1818 1277 1883 versabatur,
1333 1822 1419 1899 qui
1461 1822 1539 1870 vel

126 1910 334 1959 quarum
364 1888 544 1935 virium
574 1888 772 1935 milites
795 1889 882 1935 ubi
916 1903 1085 1952 agant,
1131 1891 1210 1937 vel
1252 1892 1535 1955 piocinctus

126 1977 351 2026 tempore
370 1975 496 2024 quos
526 1957 873 2023 ²)tueientur,
920 1957 1223 2006 desciibens:
1261 1959 1433 2008 itidem
1466 1979 1538 2007 ar-

125 2048 322 2079 morum
342 2041 389 2076 et
417 2041 783 2075 commeatuum
811 2028 1011 2092 copiae,
1047 2028 1238 2092 aliaque
1268 2029 1376 2076 usui
1403 2031 1535 2076 bello

125 2102 314 2158 futura,
360 2115 422 2144 an
453 2095 648 2143 abunde
674 2095 954 2161 suppetant,
1007 2097 1239 2145 indefessa
1278 2099 1532 2145 scitatione

124 2180 436 2234 percontans.
513 2165 575 2211 Et
603 2183 716 2212 cum
746 2167 896 2213 totius
933 2166 1150 2214 Orientis
1179 2167 1420 2215 didicisset
1461 2167 1531 2213 in
1543 2181 1572 2210 2

126 2254 289 2297 tei-,na
317 2235 536 2282 virorum
552 2233 878 2300 stipendiique
899 2250 1037 2299 parte
1066 2238 1272 2283 maxima
1305 2254 1390 2300 per
1419 2236 1533 2301 Illy-

125 2308 282 2356 ricum
306 2303 595 2362 distributa,
636 2304 724 2350 ubi
747 2303 1070 2353 distinebatur
1089 2323 1149 2353 ex
1171 2306 1377 2368 negotiis
1395 2303 1531 2351 seriis

126 2378 428 2440 Imperator:
461 2370 750 2436 adlapsuro
739 2391 836 2421 iam
857 2375 1139 2439 praestituto
1167 2373 1245 2419 die
1272 2372 1529 2421 solvendae

130 2444 363 2509 pecuniae
378 2479 391 2503 ,
420 2459 566 2506 quam
592 2458 680 2504 per
698 2440 748 2507 sy
751 2445 1019 2508 ugiapham
1042 2445 1220 2490 dehere
1238 2442 1285 2490 se
1306 2443 1531 2490 confiteii

127 2514 176 2562 vi
197 2527 429 2576 metuque
454 2508 731 2574 compulsus
754 2512 844 2575 est,
873 2532 986 2561 cum
1009 2512 1235 2560 omnibus
1266 2511 1313 2559 se
1346 2512 1476 2577 pros·
1478 2513 1530 2558 ii-

172 2704 209 2745 4)
236 2700 304 2735 ΜΓ.
362 2701 479 2735 aritas.
533 2703 571 2746 ᾖ)
597 2701 647 2733 al.
678 2699 762 2733 sorS.
830 2701 872 2735 GN
901 2701 951 2733 al.
984 2700 1172 2734 coactetis.
1235 2703 1272 2746 ¹7)
1303 2697 1367 2734 ΜΓ,
1403 2700 1523 2734 exitus.

133 2748 167 2790 ι)
195 2749 244 2780 al.
277 2747 312 2781 di
346 2746 526 2782 mendam.
575 2759 611 2792 2)
638 2746 761 2793 Steph.
792 2745 1024 2779 intueremur.
