1727 3144
180 118 274 176 ὂψ
401 127 674 158 antanasi
713 122 1107 158 annunties-‘1
1142 124 1283 168 xxxi,
1325 125 1399 155 io.
1437 126 1512 156 ιι.

101 256 158 286 20
275 237 532 302 Dispo‘fitis
555 236 702 299 igitur
719 270 732 293 ‚
766 250 890 298 quae
913 250 1002 297 pro
1024 247 1304 297 temporum
1324 249 1472 298 captu
1498 253 1584 299 per

176 309 359 356 Gallias
381 325 453 354 res
475 306 781 366 rationesque
804 300 1079 366 poscebant,
1112 315 1159 349 et
1181 303 1353 366 punito
1376 303 1583 351 scutario

174 377 456 442 proditore,
513 375 598 438 qui
636 373 858 420 festinare
905 370 1187 439 Principem
1228 372 1292 418 ad
1339 372 1584 437 Illyricum

173 448 393 494 barbaris
425 443 689 498 indicarat3
728 440 990 488 Gratianus
1024 439 1195 488 exinde
1232 441 1464 504 digressus
1498 460 1585 506 per

174 517 348 577 castra,
402 513 580 578 quibus
622 511 796 558 Felicis
830 510 1039 557 Arboris
1072 527 1252 556 nomen
1283 510 1378 572 est,
1435 509 1472 576 ⁶)
1497 529 1585 575 per

173 586 466 632 Lauriacum
505 581 567 628 ad
603 577 944 646 opitulandum
983 578 1231 644 oppressae
1271 579 1394 644 parti
1421 598 1588 645 porre-

175 656 265 702 ctis
282 653 538 700 itineribus
562 651 630 697 ire
652 647 898 697 tendebat.

101 733 152 764 21
275 721 558 785 Iisdemque
592 719 764 766 diebus
798 714 1054 780 Frigerido
1082 717 1231 764 multa
1267 731 1413 782 atque
1451 717 1585 769 utilia

173 811 262 858 pro
287 791 539 839 securitate
560 785 811 836 communi
844 784 1449 850 sollertiffime,cogitanti,
1484 806 1588 834 mu-

173 863 374 926 nireque
404 856 684 922 properanti
701 856 971 901 Succorum
1005 854 1265 916 angustias,
1311 873 1370 902 ne
1405 854 1589 903 discur-

172 930 353 978 satores
385 926 542 973 hostes
577 937 622 970 et
653 925 809 982 leves,
848 935 1093 984 tamquam
1122 924 1161 985 ⁷)
1185 923 1508 972 exaestuantes
1541 926 1589 973 vi

172 1012 412 1046 torrentes
438 1013 519 1058 per
542 989 959 1055 septemtrionales
981 988 1256 1052 provincias
1277 992 1424 1040 fufius
1449 1012 1590 1058 vaga-

174 1082 370 1127 rentur3
418 1061 654 1110 successor
685 1059 886 1107 Maurus
917 1057 1116 1105 nomine
1150 1059 1358 1106 mittitur
1390 1063 1586 1124 Comes,

173 1138 355 1186 venalis
389 1133 600 1181 ferociae
629 1129 812 1195 specie,
860 1141 907 1175 et
937 1126 998 1174 ad
1032 1125 1070 1191 ⁸)
1096 1143 1272 1176 cuncta
1310 1122 1509 1178 mobilis
1540 1147 1589 1180 et

173 1208 417 1254 incertus:
457 1202 618 1259 idem,
666 1216 812 1265 quem
846 1196 1222 1260 praeteritorum
1255 1212 1390 1246 textu
1426 1201 1590 1251 retuli-

174 1295 310 1336 mus,
341 1270 610 1335 ambigenti
629 1267 770 1332 super
790 1283 973 1314 corona
1001 1266 1150 1330 capiti
1178 1267 1477 1332 imponenda
1511 1270 1591 1317 Iu-

174 1346 307 1393 liano
339 1339 556 1400 Caesari,
598 1337 716 1385 dum
753 1337 878 1383 inter
910 1339 1011 1382 eius
1052 1335 1316 1400 armigeros
1359 1338 1591 1386 militaret

176 1418 216 1473 9)
253 1432 306 1460 ac
349 1411 532 1476 regiam
572 1405 862 1466 custodiret,
916 1418 1144 1469 torquem
1192 1406 1415 1454 obtulisse
1455 1409 1587 1456 collo

103 1499 160 1529 ω
176 1477 481 1531 abstractam.
560 1478 892 1539 Remotusque
923 1473 973 1520 in
1005 1472 1105 1538 ipsa
1123 1475 1357 1539 vertigine
1384 1494 1587 1540 pereun-

175 1555 298 1601 tium
332 1569 493 1598 rerum
525 1547 621 1594 dux
652 1559 819 1592 cautus
849 1558 896 1591 et
934 1542 1165 1608 diligens:
1219 1562 1359 1604 cum,
1403 1537 1589 1593 etia-mli

177 1622 366 1670 dudum
405 1616 613 1666 disceffit
650 1615 700 1661 iu
742 1614 921 1673 otium,
974 1612 1035 1659 ad
1069 1613 1377 1676 procinctum
1415 1615 1587 1663 reduci

175 1692 488 1757 negotiorum
502 1684 846 1750 ⁴magnitudine
867 1681 1094 1748 poscente
1126 1681 1341 1730 deberet.

703 1799 793 1865 (A.
834 1799 888 1846 C.
927 1799 1076 1864 578.)

134 1906 151 1931 1
271 1895 363 1942 XI.
399 1895 490 1940 His
514 1894 636 1939 forte
661 1889 833 1938 diebus
855 1890 1036 1937 Valens
1056 1888 1254 1936 tandem
1278 1887 1460 1936 excitus
1483 1887 1584 1934 An-

172 1965 383 2019 tiochia,
411 1961 719 2024 longitudine
748 1960 935 2005 viarum
966 1958 1155 2005 emensa
1190 1959 1322 2004 venit
1353 1957 1582 2004 Constan-

173 2031 461 2097 tinopolim:
494 2029 580 2075 ubi
605 2041 822 2073 moratus
852 2026 1156 2089 pauciffimos
1187 2024 1290 2071 dics
1321 2015 1582 2072 seditione-

175 2121 269 2169 que
311 2099 618 2165 popularium
658 2095 753 2142 levi
792 2092 1028 2159 pulsatus,
1092 2094 1375 2141 Sebastiano
1415 2094 1581 2158 paullo

174 2186 284 2221 ante
306 2171 366 2216 ab
395 2169 558 2227 ltalia,
586 2180 640 2212 ut
663 2163 893 2229 petierat,
928 2162 1089 2223 miffi),
1126 2163 1401 2226 vigilantiae
1435 2177 1578 2210 notae

178 2239 372 2288 ductori
414 2235 644 2302 pedestris
677 2233 911 2281 exercitus
951 2250 1066 2279 cura
1102 2231 1375 2293 commiffa,
1431 2249 1579 2296 quem

174 2311 371 2375 regebat
391 2321 528 2355 antea
549 2305 812 2353 Traianus:
845 2301 942 2366 ipse
965 2305 1026 2348 ad
1051 2300 1386 2348 Melanthiada
1412 2301 1578 2348 villam

175 2377 508 2428 Caesarianam
538 2374 809 2439 profectUS‚
862 2371 1067 2417 militem
1095 2369 1335 2434 stipendio
1364 2370 1577 2430 fovebat,

130 2465 157 2492 2
177 2465 221 2498 et
244 2446 509 2507 alimentis,
545 2458 592 2492 et
615 2441 793 2490 blanda
814 2441 1071 2488 crebritate
1094 2438 1387 2487 sermonum.
1435 2437 1577 2485 Unde

1465 2525 1579 2554 cum

223 2704 261 2744 G)
290 2701 354 2736 ΝΠ.
389 2714 454 2748 per
489 2700 718 2733 inaureacum
758 2696 967 2745 opitulanth
997 2709 1081 2743 opp.
1148 2698 1182 2740 ἡ)
1208 2693 1275 2728 Ms.
1302 2692 1518 2727 exaestuares
1541 2702 1578 2728 ut

177 2750 214 2784 in
238 2760 319 2784 toir-
373 2751 414 2796 S>
437 2746 501 2784 ΜΓ.
535 2746 657 2793 Sceplz.
691 2755 854 2780 cunctam
883 2744 1062 2779 obiit-sset.
1124 2746 1162 2789 9)
1189 2740 1255 2775 ΜΓ.
1287 2740 1505 2786 adrogantia.
