1727 3144
203 131 300 188 410
442 139 718 173 mmmm
757 139 1151 173 itancnnmnt
1192 140 1340 185 xxvi,
1397 127 1442 170 4.
1488 126 1533 170 5.

200 249 568 317 pronuntiavit:
610 248 887 314 decoreque
927 248 1233 313 imperatorii
1275 249 1434 296 cultus
1482 250 1619 296 erna-

202 336 335 381 tum,
384 333 432 367 et
465 334 689 383 tempora
725 317 998 367 diademate
1031 315 1313 366 redimitum
1345 319 1396 365 in
1439 315 1617 366 eodem

203 389 432 438 vehiculo
466 388 629 436 seeum
661 387 876 435 reduxit:
920 386 1209 452 participem
1239 386 1442 453 quidem
1462 385 1620 449 legiti-

201 477 338 506 mum
360 458 629 523 potestatis,
664 455 748 504 sed
771 457 822 504 in
845 455 1050 504 modum
1077 455 1371 521 adparitoris
1410 455 1620 519 morige-

203 546 337 588 rum,
374 541 429 574 ut
448 525 766 591 progrediens
787 526 974 591 aperiet
994 539 1170 574 textus.

159 599 189 655 4
302 596 496 653 Quibus
527 595 593 642 ita
629 596 766 642 nullo
807 596 1164 644 interturbante
1196 593 1454 660 perfecti5‚
1502 592 1621 641 eon-

197 666 350 713 stricti
374 663 556 729 rapidis
590 665 812 712 febribus
842 665 1170 729 Imperatores
1202 665 1350 711 ambo
1381 662 1496 720 diu,
1532 658 1618 724 spe

199 734 398 782 vivendi
422 736 636 795 firmata,
671 748 726 782 ut
758 747 896 782 erant
926 734 977 780 in
1006 733 1313 799 inquirendis
1344 731 1618 797 gnaviores,

201 823 346 869 quam
367 804 418 850 in
435 801 823 867 componendis,
852 800 1091 866 suspectas
1127 803 1418 849 morborum
1452 797 1618 848 causas
1644 856 1646 861 ι

198 872 551 936 investigandas
590 871 826 919 acerrime
864 870 1054 919 Ursatio
1087 871 1365 919 officiorum
1392 867 1618 933 magistro

197 942 455 988 Delmatae
495 939 680 998 crudo,
748 953 796 987 et
837 940 1064 987 Iuventio
1110 938 1328 988 Sisciano
1375 935 1620 1004 quaestori

197 1025 315 1056 tunc
344 1007 722 1056 commiserunt:
764 1022 820 1054 ut
854 1007 1147 1071 loquebatur
1178 1008 1398 1072 pertinax
1431 1023 1619 1065 rumor,

197 1076 437 1125 invidiam
464 1076 648 1122 cientes
677 1075 858 1123 Iuliani
888 1076 1156 1124 memoriae
1197 1076 1460 1140 principis,
1503 1073 1621 1123 ami-

198 1147 367 1210 cisque
398 1145 524 1204 eius,
566 1158 818 1209 tamquam
848 1143 1157 1191 clandestinis
1186 1144 1453 1209 praestigiis
1490 1141 1616 1192 laefi.

198 1214 299 1263 Sed
324 1215 421 1262 hoc
444 1213 641 1261 evanuit
662 1213 828 1274 facile,
866 1232 927 1259 ue
962 1214 1113 1261 verbo
1146 1213 1350 1279 quidem
1376 1227 1516 1261 tenus
1549 1213 1622 1258 in-

198 1283 429 1330 fidiarum
452 1281 640 1328 indicio
675 1282 779 1328 ullo
816 1295 1028 1346 reperto.

158 1352 187 1397 5
298 1352 410 1400 Hoc
432 1356 654 1415 tempore
677 1351 811 1399 velut
833 1370 920 1416 per
943 1348 1222 1399 universum
1248 1351 1418 1398 orbem
1444 1348 1621 1396 Roma-

200 1441 319 1469 num
347 1420 582 1468 bellicum
612 1420 902 1468 canentibus
933 1420 1184 1480 bucciniS,
1230 1420 1412 1468 excitae
1451 1429 1618 1481 gentes

199 1490 491 1538 saeviffimae
553 1488 733 1536 limites
798 1488 890 1537 fibi
951 1489 1201 1553 proximos
1266 1486 1617 1553 persultabant.

201 1561 384 1607 Gallias
417 1558 706 1622 Raetiasque
744 1557 887 1606 fimul
924 1558 1188 1605 Alamanni
1226 1557 1617 1623 populabantur3

197 1631 446 1676 Sarmatae
478 1627 755 1675 Pannonias
783 1641 832 1674 et
863 1626 1057 1688 Quad'13
1102 1626 1259 1684 Picti,
1300 1627 1616 1689 Saxonesque

200 1712 250 1744 et
271 1696 428 1744 Scotti
445 1735 457 1759 ,
494 1709 542 1743 et
562 1695 597 1761 ³)
622 1694 840 1744 Atacotti
858 1697 1120 1744 Britannos
1147 1696 1391 1744 aerumnis
1421 1711 1620 1742 vexave-

200 1783 253 1813 re
288 1765 561 1825 continuis3
602 1764 880 1812 Austoriani
917 1765 1264 1829 Mauricaeque
1303 1765 1421 1812 aliae
1452 1776 1618 1827 gentes

201 1834 424 1881 Africam
443 1832 587 1879 solito
609 1833 767 1881 acrius
788 1834 1127 1896 incursabant,
1159 1834 1397 1883 Thracias
1417 1846 1465 1880 et
1501 1831 1618 1879 diri-

160 1899 405 1968 Gpiebant
448 1900 748 1965 praedatorii
790 1903 927 1964 globi
973 1903 1274 1951 Gothorum.
1361 1899 1616 1949 Persarum

202 1990 286 2020 rex
306 1987 477 2019 manus
500 1969 748 2016 Armeniis
778 1970 1046 2018 iniectabat
1061 2008 1076 2027 ‚
1116 1987 1200 2018 eos
1231 1969 1295 2017 ad
1315 1967 1448 2016 suam
1472 1966 1617 2016 ditio-

203 2059 318 2088 nem
350 2058 405 2088 ex
433 2038 625 2101 integro
655 2054 828 2085 vocare
859 2038 908 2084 vi
942 2038 1092 2085 nimia
1118 2056 1407 2102 properans,
1438 2036 1524 2085 sed
1546 2038 1618 2085 in-

201 2110 352 2169 iuste,
394 2104 636 2154 causando
650 2141 667 2162 ,
709 2105 847 2170 quod
866 2106 972 2170 post
991 2107 1178 2154 Ioviani
1202 2106 1457 2168 excelsum,
1499 2125 1615 2154 cum

204 2195 304 2242 quo
329 2176 368 2242 ⁴)
390 2174 589 2224 foedera
608 2176 822 2222 firmarat
843 2189 890 2222 et
910 2193 1098 2240 pacem,
1129 2175 1255 2223 nihil
1273 2175 1459 2224 obstare
1483 2176 1518 2242 ⁵)
1535 2175 1616 2223 de-

202 2246 373 2305 bebit,
418 2262 517 2310 quo
548 2243 708 2292 minus
742 2261 797 2292 ea
833 2259 1165 2309 recuperaret,
1212 2263 1334 2309 quae
1374 2259 1513 2294 antea
1549 2243 1614 2294 ad

202 2316 413 2363 maiores
435 2315 545 2362 l'uos
567 2312 845 2378 pertinuilfe
865 2314 1174 2362 monstrabat.

740 2425 824 2488 (A.
855 2431 902 2474 e.
937 2427 1076 2492 365.)

171 2539 188 2564 1
304 2516 366 2563 V.
405 2513 529 2562 Acta
556 2514 704 2578 igitur
732 2516 1040 2580 tranquillius
1073 2517 1265 2574 hieme,
1299 2513 1612 2562 eonem-diffi-

206 2583 272 2629 mi
304 2583 583 2647 Principes,
627 2602 751 2631 unus
779 2587 1142 2651 nuncupatione
1177 2584 1442 2651 praelatuS,
1491 2585 1611 2631 alter

250 2744 295 2791 ὅ)
322 2742 386 2781 Ms-
418 2745 586 2782 Amasim.
641 2753 674 2792 q‘)
709 2747 774 2785 ML
803 2745 960 2783 foedera.
1015 2750 1060 2796 5)
1088 2747 1157 2785 Ms.
1187 2747 1344 2782 debebit.
