1727 3144
236 174 332 223 284
507 188 779 223 Anniam
817 189 1212 223 MARCELMNI
1249 194 1377 237 xxu,
1413 179 1459 224 8.

230 299 402 362 Alani,
463 314 511 350 et
553 299 977 362 Melanchlaenae,
1036 315 1083 349 et
1117 318 1239 351 cumr
1272 302 1476 350 Gelonis
1515 302 1641 368 Aga-

230 367 404 433 thyrsi,
435 367 568 435 apud
595 388 719 434 quos
756 369 1025 418 adamantis
1050 370 1115 418 est
1135 371 1279 434 copia
1295 371 1503 436 lapidis:
1537 372 1639 418 alii-

229 455 324 502 que
353 439 476 486 ultra
505 440 732 499 latentes,
779 438 916 504 quod
941 437 1052 487 sunt
1085 440 1308 488 omnium
1337 441 1634 506 penitiffimi.

153 507 210 552 32
227 507 328 554 Sed
352 507 631 556 Maeotidos
662 508 801 556 lateri
825 510 965 557 laevo
996 508 1328 558 Cherronesus
1349 510 1415 558 est
1436 509 1637 575 propin·-

223 594 343 640 qua,
390 577 696 625 coloniarum
729 577 871 642 plena
902 578 1214 628 Graecarum.
1310 578 1449 627 Unde
1479 577 1637 644 quieti

219 644 331 693 sunt
363 646 588 694 homines
623 660 670 693 et
699 645 880 709 sedati,
918 647 1205 695 adhibentes
1232 649 1425 697 vomeri
1447 665 1635 709 curam,

224 728 271 762 et
292 716 612 778 proventibus
634 714 910 764 fructuariis
932 717 1223 764 victitantes.

147 794 203 837 '53
318 784 364 831 A
399 785 577 849 quibus
616 802 700 847 per
721 786 853 834 varia
874 803 1021 849 regna
1041 785 1232 833 diducti
1250 784 1508 832 itineribus
1530 801 1634 832 mo-

218 851 341 900 dieis
365 853 519 901 Tauri
539 852 878 915 diffoeiantur,
913 855 1040 902 inter
1062 872 1186 920 quos
1210 855 1413 901 immani
1438 852 1635 901 diritate
1701 889 1708 892 -

217 922 461 969 terribiles
490 923 730 984 Arinchi‚
775 938 823 972 et
860 923 1066 982 Sinchi,
1117 937 1164 971 et
1207 923 1422 987 Napaei,
1475 923 1633 970 inten-

219 989 364 1038 dente
403 990 652 1038 l'aevitiam
697 992 895 1039 licentia
935 992 1195 1050 diuturna,
1251 991 1476 1039 indidere
1513 990 1634 1039 mari

213 1077 394 1106 nornen
412 1057 694 1122 inhospitali
714 1078 723 1105 z
766 1074 814 1107 et
833 1079 857 1105 a
880 1061 1124 1107 contrario
1153 1078 1240 1123 per
1263 1061 1628 1108 cavillationem

212 1130 398 1174 Pontus
425 1127 640 1173 Euxinus
663 1126 935 1191 adpellatur
950 1165 963 1189 ,
1006 1143 1061 1175 ut
1082 1128 1292 1176 euethen
1314 1129 1491 1176 Graeci
1512 1127 1632 1175 dici-

210 1214 317 1242 mus
350 1196 576 1252 stultum,
619 1210 667 1242 et
699 1210 896 1244 noctem
925 1197 1239 1260 euphronen,
1289 1212 1337 1244 et
1360 1198 1509 1244 furias
1531 1197 1629 1244 Eu-

136 1264 441 1325 54menidas.
529 1264 637 1311 Diis
667 1265 799 1312 enim
830 1265 1000 1313 hostiis
1031 1267 1225 1313 litantes
1262 1265 1518 1326 humanis,
1579 1279 1629 1313 et

206 1335 515 1382 immolantes
535 1333 744 1382 advenas
772 1334 984 1395 Dianae,
1032 1352 1154 1400 quae
1177 1333 1311 1398 apud
1339 1352 1421 1381 eos
1447 1334 1628 1381 dicitur

211 1404 507 1463 Oreiloche‚
561 1403 812 1451 caesorum
855 1404 1013 1468 capita
1051 1404 1153 1450 fani
1197 1403 1460 1468 parietibus
1493 1421 1629 1467 prae-

207 1475 450 1537 figebant,
490 1473 624 1521 velut
652 1473 859 1520 fortium
885 1487 1124 1538 perpetua
1160 1487 1478 1521 monumenta
1514 1472 1629 1520 faei-

213 1561 407 1590 norum.

136 1611 192 1655 55
312 1613 372 1659 In
407 1610 500 1659 hac
531 1609 742 1657 Taurica
771 1609 927 1657 insula.
953 1609 1117 1658 Leuce
1139 1609 1238 1658 fine
1267 1608 1626 1656 habitatoribus

210 1679 320 1727 ullis
345 1679 532 1728 Achilli
558 1679 624 1726 est
656 1676 897 1727 dedicata.
982 1679 1041 1727 In
1070 1698 1217 1745 quam
1245 1678 1281 1725 fi
1316 1678 1499 1725 fuerint
1521 1678 1628 1742 qui-

207 1748 320 1796 dam
351 1750 479 1796 forte
516 1747 689 1808 delati,
741 1747 850 1795 vifis
885 1748 1185 1813 antiquitatis
1216 1747 1453 1811 vestigiis,
1503 1759 1624 1794 tem-

202 1819 385 1883 ploque
415 1831 463 1865 et
494 1815 710 1864 donariis
732 1815 893 1865 eidem
916 1817 1059 1866 heroi
1081 1817 1397 1877 consecratis,
1433 1814 1622 1879 vesperi

205 1899 433 1951 repetunt
460 1903 630 1933 naves:
679 1885 816 1932 aiunt
844 1887 1000 1947 enim,
1050 1905 1152 1934 non
1192 1888 1292 1936 fine
1336 1884 1619 1933 discrimine

204 1956 336 2004 vitae
370 1955 472 2002 illic
513 1971 813 2019 quemquam
854 1969 1162 2018 pernoctare.
1253 1955 1332 2003 Ibi
1374 1968 1422 2001 et
1464 1971 1618 2017 aquae

201 2023 336 2087 sunt,
371 2038 418 2072 et
449 2021 688 2070 candidae
717 2040 826 2070 aves
857 2022 1118 2070 nascuntur
1139 2023 1465 2085 halcyonibus
1491 2022 1618 2068 fimi-

201 2094 296 2142 les:
366 2093 511 2157 super
564 2109 768 2157 quarum
817 2090 1030 2155 origine,
1096 2105 1144 2138 et
1197 2090 1612 2155 Hellespontiacis

131 2169 186 2211 56
203 2163 402 2227 proeliis
427 2175 649 2224 tempore
673 2159 969 2207 differemus.
1041 2160 1167 2207 Sunt
1188 2174 1351 2207 autem
1372 2158 1616 2226 quaedam

203 2250 291 2295 per
322 2231 585 2280 Tauricam
608 2228 851 2276 civitates:
906 2230 1032 2278 inter
1072 2247 1191 2295 quas
1233 2229 1416 2277 eminet
1453 2228 1613 2293 Eupa-

203 2301 354 2362 toria,
391 2315 439 2347 et
461 2297 721 2358 Dandace,
768 2312 816 2345 et
840 2296 1150 2361 Theodosia,
1189 2312 1237 2346 et
1256 2298 1471 2347 minores
1492 2299 1614 2346 aliae

205 2370 351 2418 nullis
375 2368 601 2417 humanis
626 2367 794 2416 hostiis
813 2369 1055 2433 impiatae.

132 2449 187 2503 37
295 2438 545 2487 Hactenus
566 2454 704 2485 arcus
720 2455 839 2503 apex
861 2437 1089 2502 protendi
1113 2436 1419 2484 existimatur.
1492 2433 1609 2481 Eius

204 2526 332 2556 nune
353 2505 541 2555 residua
560 2505 734 2553 leniter
753 2505 933 2554 [inuata
949 2544 962 2568 ,
1005 2505 1317 2570 subiectaque
1340 2501 1476 2551 ursae
1504 2522 1611 2551 cae-

202 2575 305 2622 lesti
328 2576 546 2643 adusque
567 2576 759 2625 laevum
777 2575 988 2640 Bospori
1013 2574 1214 2623 Thracii
1231 2575 1373 2634 latus,
1406 2585 1461 2619 ut
1482 2572 1608 2620 ordo

203 2645 441 2707 postulat,
479 2644 821 2710 exsequemur:
873 2644 926 2692 id
953 2646 1299 2705 admonentes,
1341 2640 1610 2708 quodcum

203 2730 340 2760 arcus
373 2716 593 2761 omnium
629 2714 844 2777 gentium
875 2716 1011 2763 flexis
1040 2727 1303 2761 curventur
1340 2711 1609 2772 hastilibus,

203 2782 418 2847 Svyzhiei
461 2782 549 2830 soli
593 2784 668 2832 vel
709 2782 926 2832 Parthici
970 2782 1318 2832 circumductis
1361 2783 1608 2846 utrimque
