1727 3144
201 141 297 185 562
441 150 696 182 AmmAm
727 152 1114 189 mannifluum
1142 153 1287 199 xxw,
1318 141 1364 185 5.
1403 140 1449 186 6.

199 276 396 310 nantem
426 260 619 323 adorta,
662 262 937 309 nostrorum
963 261 1173 310 caecidit
1200 264 1500 332 complures:
1537 263 1608 311 in·

201 348 274 380 ter
301 349 422 397 quos
455 331 599 377 etiam
631 332 856 382 tribunus
884 345 1164 396 peremptus
1199 333 1289 393 est,
1334 333 1609 397 periculum

155 415 181 455 9
201 399 480 468 propulsare
513 414 729 447 conatus.
815 399 954 456 Quae
989 419 1104 448 cum
1132 400 1199 447 ita
1225 416 1457 466 aguntur,
1500 401 1608 466 pari

201 470 380 530 modo,
424 484 480 515 ut
514 483 675 528 antea,
722 467 892 516 Persae
924 487 980 517 ex
1024 468 1222 517 adversa
1254 471 1469 518 fluminis
1502 473 1609 535 ripa

199 555 387 605 partem
417 537 575 585 adorti
604 539 903 599 nostrorum,
933 539 1201 587 interfectis
1230 538 1524 604 quibusdam
1541 539 1611 587 vi-

200 628 286 658 vos
323 625 496 672 cepere
529 609 807 654 nonnullos.
892 608 954 655 Et
983 609 1187 670 timore,
1223 607 1366 655 simul
1387 608 1502 672 quia
1530 624 1611 655 ve-

199 678 314 725 nill‘e
336 677 387 722 in
405 677 641 723 maiorem
663 692 921 724 numerum
941 677 1113 741 copiae
1143 678 1438 742 putabantur
1465 676 1613 725 hosti-

200 749 286 807 les,
306 744 458 810 'egere
483 745 629 792 nostri
656 759 771 792 tune
798 744 984 810 segnius
1006 764 1016 793 ι
1046 745 1130 793 sed
1154 747 1242 793 ubi
1263 746 1436 794 animis
1457 746 1506 793 in
1529 764 1613 793 au-

200 816 390 862 daciam
421 814 674 876 restitutis,
719 815 962 879 armisque
991 815 1139 878 raptis
1171 815 1298 862 inter
1326 815 1610 872 tumultum,

200 884 437 932 exercitus
476 896 623 930 cantu
656 882 880 930 concitus
913 884 1229 945 bucinarum,
1282 901 1397 930 cuin
1431 883 1612 931 minaci

199 969 448 1000 murmure
476 951 743 1011 festinaret,
773 965 1027 1016 eruptores
1047 952 1292 1016 perterriti
1310 965 1613 999 reverterunt

132 1041 182 1070 ιο
201 1022 385 1069 intacti.
459 1019 519 1066 Et
537 1019 901 1083 Imperator‘ira
923 1021 1057 1083 gravi
1076 1034 1328 1083 permotus
1344 1058 1356 1082 ‚
1394 1021 1609 1085 reliquos

204 1109 260 1138 ex
291 1108 344 1136 ea
377 1088 608 1143 cohorte,
672 1086 757 1151 qui
794 1088 984 1136 abiecte
1013 1087 1338 1136 sustinuerant
1370 1090 1611 1153 impetum

200 1158 539 1223 grassatorum,
571 1154 633 1202 ad
655 1154 927 1219 pedestrem
946 1157 1194 1221 compegit
1217 1157 1455 1218 militiam,
1487 1173 1612 1222 quae

128 1249 175 1277 11
202 1224 451 1275 onerofior
491 1224 579 1285 est,
634 1224 952 1287 dignitatibus
986 1225 1274 1272 imminutis.
1381 1226 1613 1289 Flagrans

198 1296 305 1362 post
323 1293 443 1341 haec
468 1293 531 1340 ad
565 1291 836 1341 eruendum
871 1293 1145 1355 castellum,
1194 1294 1282 1340 ubi
1314 1293 1612 1359 periclitatus

199 1366 290 1426 est,
339 1380 536 1427 operam
566 1363 809 1409 convertit
836 1377 884 1410 et
918 1381 1109 1422 curam,
1155 1381 1421 1428 numquam
1448 1363 1509 1410 ab
1534 1381 1615 1409 an·-

197 1432 454 1497 tefignanis
472 1429 574 1495 ipse
597 1430 875 1495 digrediens
890 1469 902 1492 ‚
936 1445 992 1478 ut
1013 1432 1139 1479 inter
1165 1431 1352 1496 primos
1374 1431 1612 1479 dimicans

197 1503 343 1552 militi
367 1500 429 1547 ad
447 1501 640 1547 fortiter
663 1500 943 1548 faciendum
974 1500 1088 1548 effet
1116 1502 1339 1564 exemplo
1370 1500 1612 1565 spectator

196 1573 532 1637 probatorque
557 1569 813 1633 gestorum.
864 1571 979 1626 Ouo
1005 1570 1132 1617 inter
1153 1569 1491 1617 discriminum
1511 1586 1615 1617 ver-

199 1642 318 1687 tices
345 1639 431 1684 diu
449 1640 755 1702 multumque
774 1638 989 1700 versato,
1031 1639 1260 1686 varietate
1281 1640 1615 1686 munitionum

201 1723 346 1772 atque
376 1708 611 1768 telorum,
656 1721 703 1754 et
730 1707 1091 1772 conspiratione
1123 1708 1163 1773 ⁷)
1199 1721 1614 1772 oppugnatorum,

123 1790 183 1825 '12
202 1778 333 1823 idem
354 1777 600 1823 castellum
621 1775 902 1823 incenditur
922 1791 1133 1841 captum.
1205 1775 1319 1824 Post
1332 1795 1473 1842 quae,
1497 1793 1614 1824 con·

197 1845 416 1893 sideratis
459 1844 795 1909 asperitatibus
832 1859 941 1893 ante
982 1845 1219 1909 gestarum
1259 1863 1422 1893 rerum
1450 1859 1498 1893 et
1524 1844 1615 1892 im„

198 1913 519 1980 pendentium
535 1948 549 1969 ,
578 1913 819 1976 requievit
838 1914 1083 1965 exercitus
1103 1915 1274 1961 labore
1295 1914 1450 1962 nimio
1476 1910 1614 1976 quas-

198 1984 353 2042 satus,
417 1981 580 2028 multis
615 1981 765 2028 victui
802 1981 1032 2044 congruis
1072 1981 1275 2028 adfatim
1318 1981 1608 2029 distributis.

201 2053 398 2099 Vallum
430 2064 592 2097 tamen
619 2049 820 2095 sudibus
841 2047 998 2095 denfis
1022 2062 1070 2096 et
1092 2048 1323 2097 foffarum
1351 2049 1610 2098 altitudine

202 2118 389 2170 cantius
410 2117 589 2165 deinde
610 2118 907 2178 struebatur,
945 2135 1056 2164 cum
1075 2135 1098 2163 a
1129 2117 1307 2165 vicinia
1333 2118 1432 2166 iam
1464 2117 1612 2167 Ctefi-

195 2189 388 2256 phonte
431 2186 674 2253 repentini
718 2185 962 2248 excursuS,
1017 2200 1064 2235 et
1098 2186 1188 2234 alia
1230 2186 1613 2236 formidarentur

201 2257 409 2307 occulta.
1513 2267 1526 2275 ”

160 2359 178 2386 1
297 2324 388 2373 VI.
427 2324 645 2372 Ventum
681 2321 747 2371 est
782 2321 899 2371 hinc
938 2322 1001 2371 ad
1032 2322 1186 2372 foffile
1215 2324 1399 2371 flumen
1424 2323 1614 2373 Nahar-

199 2393 390 2443 maleha
423 2392 649 2453 nomine,
696 2390 832 2457 quod
864 2392 1017 2440 amnis
1046 2409 1214 2456 regum
1247 2391 1610 2457 interpretatur,

201 2478 318 2510 tunc
340 2461 547 2510 aridum.
627 2459 690 2508 Id
712 2461 915 2509 antehac
943 2461 1178 2509 Traianus
1193 2496 1209 2518 ‚
1243 2460 1504 2527 posteaque
1526 2463 1611 2510 Se-

202 2550 372 2591 verus,
405 2530 563 2594 egesto
581 2529 685 2577 solo
704 2528 853 2579 fodiri
875 2532 926 2578 in
951 2530 1157 2578 modum
1183 2528 1361 2576 canalis
1387 2530 1611 2594 ampliffi-

202 2600 271 2646 mi
303 2598 461 2647 studio
495 2612 746 2647 curaverat
775 2598 996 2660 summo,
1028 2613 1100 2661 ut,
1135 2598 1272 2664 aquis
1293 2597 1408 2646 illuc
1428 2599 1489 2646 ab
1512 2599 1607 2648 Eu—

251 2765 285 2809 7)
313 2764 361 2798 ul.
391 2773 644 2812 pugnatorum.
