1727 3144
935 12 961 25 ,κ

231 156 330 204 584
471 166 740 201 AMMIANt
781 165 1180 198 mancianum
1213 156 1341 215 xxv,
1381 156 1426 199 4.

228 278 440 328 cimonia
462 277 674 344 pecudes
697 292 936 326 mactans:
968 290 1023 324 ut
1045 275 1390 339 aestimaretur,
1424 277 1461 325 fi
1482 294 1641 327 rever-

224 348 354 396 ·tiffet
376 348 435 396 de
457 348 649 396 Parthis
665 385 678 410 ‚
717 347 984 396 bovesiam
1006 344 1261 393 defuturos
1279 364 1290 394 ε
1327 347 1485 396 Marci
1505 349 1638 395 illius

227 417 394 465 fimilis
430 417 670 480 Caesaris,
725 417 778 463 in
822 434 969 481 quem
1009 413 1065 461 id
1103 415 1382 479 accepimus
1423 416 1638 464 dictum:

227 492 287 539 Οἱ
318 489 464 540 λευκοὶ
492 484 600 543 βόες
635 485 816 553 Μοέςκῳ
847 486 913 554 τῷ
948 486 1160 551 Καίσαρι.
1241 477 1322 537 ’Ay
1351 506 1406 536 συ
1443 485 1639 547 νικήσῃς,
1672 485 1674 490 ’

156 559 210 602 18
227 557 351 624 ἡμεῖς
368 554 687 622 οἱπωλόμεθοι.
758 556 909 619 Vulgi
934 553 1180 618 plaufibus
1206 554 1390 613 laetus,
1433 556 1640 604 laudum

227 628 373 675 etiam
406 644 462 674 ex
494 625 708 673 minimis
746 625 891 671 rebus
933 624 1266 687 intemperans
1303 622 1358 688 ¹³)
1377 622 1641 688 adpetitor,

223 695 564 761 popularitatis
599 692 868 764 cupiditate
907 710 1022 740 cum
1062 691 1278 757 indignis
1315 692 1458 760 loqui
1496 692 1641 760 saepe

225 766 487 812 adfectans.
677 773 684 775 “

151 852 204 895 ¹9
319 833 508 880 Verum
529 846 690 880 tamen
713 849 825 878 cum
844 828 964 878 haec
980 830 1145 892 essent,
1176 831 1412 878 aestimari
1430 845 1642 895 poterat,⁴

223 901 397 965 tuipse
434 902 620 961 aiebat,
665 913 801 948 vetus
827 899 910 946 illa
938 900 1154 961 Iustitia,
1219 917 1368 966 quam
1410 899 1640 948 offensam

223 972 353 1018 vitiis
374 970 634 1025 homiuum
657 968 832 1014 Aratus
857 968 1044 1014 extollit
1064 968 1116 1014 in
1133 969 1349 1030 caelum,
1395 986 1454 1017 eo
1484 969 1641 1033 impe-1

226 1053 362 1086 rante
385 1037 558 1084 redisse
581 1035 742 1081 rursus
767 1035 828 1080 ad
846 1048 996 1082 terras
1013 1072 1025 1096 7
1071 1037 1122 1081 ni
1151 1037 1392 1101 quaedam
1423 1036 1484 1084 ad
1514 1038 1641 1085 arbi-

224 1109 373 1152 trium
397 1123 542 1167 agens
556 1140 573 1162 ,
606 1102 854 1151 interdum
879 1103 1159 1151 ostenderet
1180 1104 1227 1153 se
1253 1105 1525 1155 dissimilem
1548 1105 1638 1153 sui.

146 1186 207 1215 20
227 1175 456 1239 Namque
511 1188 559 1221 et
599 1173 704 1219 iura
747 1171 974 1219 condidit
1012 1190 1114 1219 non
1150 1174 1372 1235 molesta,
1422 1174 1641 1223 absolute

228 1243 471 1308 quaedam
500 1243 720 1290 iubentia
750 1241 860 1288 fieri
888 1242 963 1288 vel
983 1242 1223 1304 amentia,
1261 1256 1452 1308 praeter
1470 1262 1640 1308 pauca.

226 1314 363 1361 Inter
404 1330 528 1377 quae
559 1325 658 1359 erat
687 1313 746 1376 ¹⁴)
770 1309 895 1357 illud.
938 1310 1233 1372 inclemens,
1283 1311 1421 1378 quod
1460 1313 1641 1362 docere

224 1382 381 1430 vetuit
404 1381 652 1446 magistros
673 1380 947 1427 rhetoricos
971 1393 1018 1427 et
1041 1382 1382 1444 grammaticos
1415 1381 1644 1429 Christia‹

150 1465 201 1494 21
228 1470 344 1512 nos,
400 1451 451 1498 ni
490 1449 763 1497 transissent
805 1447 868 1496 ad
911 1449 1170 1496 numinum
1203 1451 1408 1498 cultum.
1508 1450 1644 1499 Illud

229 1539 429 1585 quoque
454 1519 628 1567 itidem
658 1538 830 1583 parum
860 1517 1144 1579 ferendum,
1199 1518 1336 1584 quod
1372 1519 1644 1584 municipa-

227 1589 351 1636 lium
382 1589 612 1637 ordinum
641 1589 864 1635 coetibus
896 1588 1171 1651 patiebatur
1199 1588 1370 1635 iniuste
1400 1589 1643 1652 quosdam

158 1676 171 1684 “
230 1657 451 1720 adnecti>
483 1659 560 1706 vel
586 1657 890 1721 peregrinOS,
926 1656 1003 1703 vel
1025 1656 1083 1702 ab
1115 1656 1175 1703 iis
1204 1656 1462 1705 consortiis
1494 1657 1644 1723 privi-

227 1726 367 1790 legiis
388 1742 470 1774 aut
490 1728 677 1790 origine
693 1727 839 1789 longe
867 1723 1119 1772 discretos.

149 1809 209 1860 22
328 1796 505 1858 Figura
554 1797 660 1842 talis
702 1795 874 1859 utique
914 1795 1265 1841 membrorum.
1340 1792 1641 1842 ‘Mediocris

229 1877 331 1910 erat
361 1864 588 1924 staturae,
622 1864 837 1927 capillis,
865 1877 1114 1928 tanlquam
1140 1862 1354 1927 pexiss'et‚
1389 1863 1640 1925 mollibus,

224 1931 411 1979 hirsuta
430 1932 582 1978 barba
599 1933 650 1977 in
671 1946 867 1977 acutum
889 1931 1133 1979 desinente
1164 1932 1385 1991 vestitus,
1425 1931 1642 1978 venusta·-

224 2014 274 2048 te
306 2001 564 2048 oculorum
596 2000 883 2051 micantium
918 2002 1151 2060 flagrans,
1201 1999 1285 2061 qui
1327 1999 1503 2046 mentis
1535 2000 1640 2047 eius

228 2070 466 2132 angustias
504 2067 816 2125 indicabant,
857 2064 1127 2129 superciliis
1175 2065 1391 2128 decoris,
1435 2081 1484 2115 et
1520 2067 1638 2117 naso

226 2137 516 2198 rectissimo,
560 2154 643 2184 ore
676 2135 842 2200 paullo
870 2134 1080 2195 maiore,
1119 2136 1260 2183 labro
1289 2135 1523 2184 inferiore
1556 2135 1638 2185 de-

228 2205 395 2267 mill'o,
431 2206 594 2270 opima
621 2220 668 2252 et
687 2205 882 2251 incurva
908 2205 1127 2264 cervice,
1168 2204 1386 2252 humeris
1418 2205 1558 2253 vastis
1590 2219 1639 2254 et

226 2276 363 2336 latis,
404 2275 464 2320 ab
496 2274 600 2339 ipso
633 2274 788 2338 capite
818 2291 971 2338 usque
1001 2272 1239 2336 unguium
1257 2271 1557 2322 summitates
1579 2275 1637 2322 li·-

224 2346 590 2391 niamentorum
609 2357 738 2392 recta
758 2359 1020 2406 compage,
1063 2342 1195 2390 unde
1226 2341 1411 2390 viribus
1444 2343 1637 2392 valebat

232 2427 280 2461 et
302 2411 461 2460 cursu.

152 2486 210 2529 23
325 2482 388 2529 Et
416 2481 651 2545 quoniam
683 2496 793 2528 eum
825 2477 1175 2527 obtrectatores
1204 2495 1358 2527 novos
1389 2479 1635 2528 bellorum

225 2551 460 2598 tumultus
481 2550 539 2598 ad
562 2549 830 2615 perniciem
852 2548 923 2596 rei
938 2549 1213 2596 communis
1233 2547 1508 2596 insimulant
1520 2567 1635 2596 con-

1445 2617 1632 2666 citass'e:

273 2786 335 2830 ¹3)
360 2781 429 2818 Ms.
461 2792 496 2818 et
523 2781 678 2830 potiore.
734 2784 790 2827 14)
815 2780 859 2818 ro*
881 2778 980 2815 illud
1007 2778 1108 2815 deest
1128 2778 1225 2827 vulg.
1288 2815 1289 2818 ,
