1727 3144
253 179 275 189 ‚-

249 180 347 224 eoS
469 191 765 222 ,Anninus
800 189 1188 220 MAnanLmr
1218 188 1346 233 mxu,
1378 174 1454 218 16.

254 320 383 350 mam
402 313 616 366 partem,
649 316 773 364 quae
792 297 1046 346 Bruchion
1074 295 1436 360 adpellabatur,
1477 294 1663 344 diutur-

181 379 235 423 16
257 390 374 420 num
410 369 752 436 praestantium
802 367 1064 415 hominum
1106 365 1428 414 domicilium.
1518 365 1662 421 Unde

258 439 565 490 Aristarchus
614 437 953 503 grammaticae
999 436 1069 483 rei
1109 434 1252 482 donis
1295 435 1563 492 excellens,
1618 440 1665 481 et

258 509 571 558 Herodianus
597 508 774 555 artium
794 504 1134 553 minutiffimus
1159 502 1447 566 sciscitator,
1477 517 1525 551 et
1554 502 1669 551 Sae-

258 597 337 627 cas
376 576 672 625 Ammonius
720 575 904 623 Plotini
945 574 1192 638 magister,
1248 573 1427 638 aliique
1466 566 1670 636 plurimi

257 645 518 712 scriptores
540 646 808 693 multorum
827 644 878 691 in
897 643 1069 692 litteris
1098 642 1342 691 nobilium
1371 640 1669 689 studiorum:

259 718 386 764 inter
407 732 531 780 quos
554 714 903 762 Chalcenterus
926 715 983 778 ¹⁴)
1006 711 1212 760 eminuit
1235 709 1478 776 Didymus
1492 747 1505 772 ‚
1551 708 1674 756 mul-

260 785 442 850 tiplicis
486 783 715 831 scientiae
753 783 808 848 ¹⁵)
837 781 1028 846 scriptis
1067 780 1426 829 memorabilis:
1485 776 1570 843 qui
1620 776 1671 822 in

260 854 358 900 illis
388 851 468 901 sex
494 851 660 909 libris,
697 851 785 897 ubi
818 868 1190 914 nonnumquam
1227 848 1515 912 imperfecte
1556 844 1675 892 Tul.

260 923 384 970 lium
411 920 751 986 reprehendit,
791 918 1111 983 sillographos
1149 916 1367 965 imitatus
1408 915 1672 980 scriptores

263 990 556 1049 maledicos,
588 986 776 1034 iudicio
801 986 1057 1034 doctarum
1079 986 1270 1033 aurium
1304 983 1574 1043 incusatur,
1619 996 1675 1036 ut

264 1057 496 1106 immania
525 1058 816 1104 frementem
842 1056 1038 1101 leonem
1070 1054 1127 1118 ¹⁶)
1159 1053 1429 1118 putredulis
1469 1051 1675 1101 vocibus

198 1135 249 1180 17
267 1128 322 1192 ¹⁷)
343 1143 491 1173 canus
524 1125 712 1172 catulus
740 1123 934 1187 longius
972 1123 1350 1170 circumlati-ans.
1420 1122 1483 1169 Et
1509 1139 1680 1186 quam·-¹⁴

265 1213 412 1260 quani
436 1207 650 1254 veteres,
672 1210 800 1246 ,cum
831 1191 916 1251 iis,
956 1208 1169 1256 quorum
1199 1191 1425 1251 memini,
1465 1193 1678 1238 floruere

264 1263 568 1327 complures,
611 1275 776 1308 tamen
806 1277 867 1307 ne
898 1277 1029 1307 nunc
1060 1257 1262 1323 quidem
1283 1258 1337 1305 in
1360 1258 1532 1306 eadem
1553 1258 1684 1305 urbe

263 1331 517 1381 doctrinae
530 1329 690 1378 variae
710 1328 873 1376 silent:
904 1346 1017 1374 nam
1030 1341 1077 1375 et
1088 1325 1455 1391 disciplinarum
1468 1326 1679 1391 magistri

264 1397 636 1467 quodammodo
669 1396 879 1461 spirant,
926 1411 976 1445 et
1010 1394 1224 1443 nudatur
1263 1396 1335 1442 ibi
1374 1394 1675 1460 geo'metrico

267 1469 435 1530 radio,
492 1466 741 1534 quidquid
791 1465 1105 1514 reconditum
1150 1465 1294 1526 latet,
1353 1463 1677 1529 nondumque

268 1537 402 1604 apud
421 1555 504 1586 eos
525 1537 719 1601 penitus
740 1535 927 1584 exaruit
948 1533 1145 1596 mulica,
1178 1552 1268 1581 uec
1289 1533 1547 1581 harmonia
1564 1550 1682 1581 con-

268 1606 438 1668 ticuit,
482 1619 530 1654 et
557 1606 737 1653 recalet
762 1604 895 1668 apud
924 1602 1164 1669 quosdam
1196 1602 1357 1650 adhue
1387 1602 1505 1650 licet
1531 1619 1682 1662 raros,

272 1674 597 1723 conlideratio
630 1672 866 1720 mundani
893 1686 1054 1720 motus
1084 1685 1133 1720 et
1162 1671 1398 1731 liderum,
1446 1670 1681 1736 doctique

275 1743 383 1791 sunt
404 1760 634 1790 numeros
658 1740 794 1789 haud
819 1741 988 1806 pauci:
1032 1740 1177 1805 super
1202 1740 1280 1788 his
1311 1740 1563 1787 scientiam
1589 1739 1685 1787 cal-

202 1812 260 1857 >18
276 1814 404 1873 lent,
448 1829 571 1875 quae
603 1812 815 1858 fatorum
845 1811 943 1858 vias
975 1808 1203 1858 ostendit.
1289 1805 1570 1857 Medicinae
1606 1826 1688 1854 au-

275 1895 400 1939 tem,
433 1880 570 1926 euius
590 1880 642 1925 iu
663 1879 756 1926 hae
782 1879 878 1926 vita
910 1879 1069 1927 nostra
1102 1896 1193 1927 nec
1229 1897 1372 1942 parca
1403 1895 1493 1925 nec
1521 1875 1688 1939 sobria

279 1948 611 1997 defiderantur
635 1947 932 1994 adminicula
953 1949 1150 2008 crebra,
1187 1948 1252 1992 ita
1273 1945 1429 1993 studia
1449 1958 1687 2008 augentur

278 2018 331 2064 in
355 2016 485 2078 dies,
520 2029 601 2076 ut,
645 2015 761 2062 licet
796 2032 918 2078 opus
951 2013 1110 2078 ipsum
1141 2014 1390 2073 redoleat,
1428 2030 1519 2077 pro
1551 2013 1687 2060 omni

279 2100 443 2133 tamen
462 2084 795 2149 experimento
814 2081 1018 2129 sufficiat
1039 2081 1233 2129 medico
1257 2081 1320 2128 ad
1343 2081 1689 2129 commendau-

283 2154 396 2202 dam
423 2153 535 2200 artis
573 2152 932 2212 auctoritatem,
981 2150 1017 2197 li
1052 2150 1378 2198 Alexandriae
1418 2149 1466 2198 se
1510 2150 1698 2197 dixerit

212 2221 556 2284 19eruditum:
592 2235 639 2269 et
660 2221 780 2268 haec
802 2218 1002 2284 quidem
1023 2219 1271 2266 haetenus.
1352 2218 1454 2267 Sed
1480 2219 1518 2265 fi
1547 2218 1688 2268 intel-

279 2290 467 2357 ligendi
497 2288 652 2338 divini
683 2290 740 2354 ¹⁸)
773 2289 1041 2336 aditionem
1077 2288 1425 2352 multiplicem,
1470 2301 1517 2335 et
1553 2304 1690 2351 prae-

281 2360 555 2409 sensionum
584 2359 822 2423 originem
851 2371 1011 2404 mente
1045 2371 1212 2421 vegeta
1243 2357 1502 2421 quisquam
1523 2357 1690 2403 volue-

287 2430 350 2477 rit
373 2429 632 2494 replicare,
666 2445 752 2491 per
774 2425 1013 2473 mundum
1035 2444 1231 2474 omnem
1251 2425 1467 2472 inveniet
1503 2424 1689 2473 mathe-

211 2510 268 2541 20
290 2512 412 2545 mata
433 2496 720 2544 huiusmodi
739 2496 799 2542 ab
829 2496 1053 2560 Aegypto
1085 2495 1383 2542 circumlata.
1463 2492 1559 2539 Hic
1594 2493 1690 2556 pri-

286 2586 421 2615 mum
439 2566 665 2614 homines
683 2565 828 2628 longe
848 2578 956 2611 ante
987 2564 1107 2612 alios
1141 2562 1204 2611 ad
1232 2562 1363 2611 varia
1393 2560 1687 2626 religionum
1720 2601 1722 2605 Α

337 2754 393 2795 ι4)
430 2753 480 2785 al.
516 2752 674 2786 emicuit.
742 2756 796 2794 15)
832 2749 899 2784 ΜΓ.
940 2749 1050 2797 copti.
1113 2748 1169 2796 ιδ)
1199 2748 1251 2782 al.
1286 2743 1476 2794 putidulis.
1533 2744 1589 2791 17)
1617 2741 1684 2777 ΜΓ,

291 2809 398 2830 canus
427 2797 531 2831 catal.
590 2802 649 2842 18)
676 2795 745 2831 ΜΓ.
775 2795 985 2832 editionem.

1725 2935 1727 3011 ἶ
