1727 3144
156 179 252 222 558
423 190 698 223 AunuANi
734 190 1134 222 MARcELLml
1176 190 1320 233 xxiv,
1357 177 1402 221 4.

98 300 196 346 zzfi
227 298 328 365 ipse
361 297 679 364 disposuerit,
719 299 958 347 evasuros.
1046 300 1170 347 Cum
1208 298 1374 366 itaque
1415 299 1581 365 noctis

161 371 448 433 plerumque
482 368 799 433 processiffet,
853 380 1166 416 aeneatorum
1205 384 1409 418 accentu
1437 369 1578 434 [igno

167 438 280 486 dato
303 436 651 506 progrediendi
677 437 738 485 ad
766 456 1001 502 pugnam,
1040 436 1102 484 ad
1123 456 1255 485 arma
1283 437 1575 486 conc-ursum

167 508 257 555 est:
317 522 363 554 et
415 506 640 554 consulto
686 525 941 554 murorum
985 506 1284 557 invaduntur
1325 508 1574 572 utrimque

165 577 378 634 frontes,
425 590 505 636 ut,
543 577 660 622 dum
692 575 1017 640 propulsaturi
1047 576 1264 640 pericula
1298 575 1577 625 defensores

165 647 294 692 ultro
330 646 553 709 citroque
595 644 899 704 discurrunt,
952 663 1040 692 nec
1079 646 1300 710 proxima
1343 643 1577 692 fodientis

166 715 415 762 audiretur
443 715 560 761 ferri
589 714 817 773 tinnitus,
869 731 957 760 nec
1003 733 1254 779 quoquam
1290 712 1579 761 intrinsecus

168 782 452 840 obfistente,
498 783 914 830 cuniculariorum
954 781 1117 829 subito
1148 801 1317 830 manus
1348 795 1576 845 emergam

99 856 154 898 25
170 852 362 908 Quibus
392 852 484 912 ita,
528 865 582 898 ut
617 850 936 911 convenerat,
979 849 1216 898 ordinatis
1250 865 1297 898 et
1329 851 1580 915 occupatis

172 920 588 984 prohibitoribus,
622 920 972 985 patefactisque
994 919 1218 981 latebris,
1248 920 1410 968 evolat
1429 921 1468 984 ⁷)
1491 920 1583 965 Ex-

173 990 386 1053 l'uperius
437 987 498 1035 de
537 989 782 1035 victorum
823 1005 1026 1035 numero
1071 989 1238 1050 miles,
1284 989 1392 1053 post
1433 1006 1582 1052 quem

166 1057 375 1120 'Magnus
399 1057 641 1116 tribunus,
678 1071 725 1103 et
746 1056 976 1102 Iovianus
999 1058 1243 1105 notarius:
1279 1075 1403 1122 quos
1427 1057 1583 1106 audax

168 1125 433 1172 multitudo
465 1123 694 1189 sequuta,
750 1124 827 1171 his
869 1124 1006 1189 prius
1051 1125 1308 1187 confoffis,
1358 1143 1491 1191 quos
1532 1126 1583 1172 in

167 1193 286 1240 aede
304 1230 316 1253 ‚
372 1211 457 1257 per
490 1212 637 1258 quam
665 1191 902 1241 in'lucem
929 1192 1243 1258 prodierant5
1271 1195 1580 1255 invenerunt,

167 1261 404 1328 suspensis
427 1263 658 1327 gradihus
680 1261 1003 1327 procedentes
1028 1263 1383 1309 obtruncarunt
1413 1263 1583 1326 vigiles

171 1349 339 1382 omnes
352 1369 365 1392 ,
399 1350 456 1378 ex
475 1330 564 1378 usu
581 1333 732 1380 moris
753 1331 933 1394 gentici
953 1331 1183 1378 iustitiam
1202 1331 1587 1395 felicitatemque

99 1404 158 1458 24
173 1397 294 1463 regis
327 1399 399 1448 sui
430 1401 623 1448 canoris
652 1401 856 1450 vocibus
888 1400 1191 1448 extollentes.
1274 1400 1591 1447 Existimaba-

170 1483 248 1514 tur
270 1469 401 1517 Mars
423 1468 550 1534 ipse,
598 1469 635 1518 fi
669 1468 862 1517 misceri
894 1468 1178 1516 hominibus
1210 1469 1413 1517 numina
1442 1469 1589 1517 maie-

170 1537 297 1587 statis
326 1540 431 1587 iura
470 1539 787 1603 permittunt,
820 1537 1048 1588 radfuiss'e
1083 1539 1232 1586 castra
1272 1539 1589 1586 Lucanorum

171 1605 420 1654 invadenti
471 1607 703 1657 Luscino.
796 1605 1009 1672 Hocque
1056 1606 1170 1655 ideo
1217 1607 1461 1655 creditum
1503 1607 1587 1669 est,

173 1674 312 1739 quod
338 1675 387 1721 in
418 1673 673 1739 congress'u
702 1676 927 1738 flagranti
954 1674 1102 1723 scalas
1141 1675 1322 1724 vehens
1345 1675 1470 1724 visus
1491 1676 1590 1723 for-

173 1742 434 1791 midandae
455 1744 685 1792 vastitatis
708 1758 945 1804 armatuS,
981 1744 1243 1809 postridie,
1283 1764 1396 1792 cum
1425 1763 1589 1793 recen-

172 1809 355 1858 seretur
375 1813 635 1873 exercitus,
668 1812 936 1877 praecipuo
957 1811 1117 1860 studio
1151 1813 1418 1879 quaefflus,
1454 1831 1591 1879 repe-

174 1879 261 1926 riri
286 1897 385 1929 non
407 1881 592 1945 potuit:
626 1879 808 1930 cum‘se
826 1882 957 1928 ultro
984 1883 1204 1940 offerret,
1238 1882 1274 1929 fi
1307 1883 1445 1931 miles
1478 1880 1591 1929 fuis·

159 1947 270 2007 set,
317 1948 650 1996 memoiabilis
677 1947 899 1995 conscius
927 1950 1058 1996 facti.
1139 1950 1242 1997 Sed
1272 1965 1327 1997 ut
1355 1965 1472 1998 tunc
1504 1950 1590 2015 qui

179 2016 293 2064 cffet
326 2016 519 2082 pulchii
548 2015 779 2065 facinoiis
811 2029 1006 2076 auctor,
1057 2018 1253 2079 penitus
1299 2018 1365 2065 est
1402 2019 1592 2083 ignora-

179 2099 307 2145 turn,
351 2086 417 2132 ita
449 2103 579 2132 nunc
614 2084 893 2132 enituerunt
923 2084 986 2145 ii,
1023 2085 1108 2149 qui
1141 2086 1299 2134 feceie
1319 2087 1589 2164 fortiffime,

183 2153 568 2202 obsidionalibus
590 2152 785 2201 coronis
808 2150 1002 2214 donati,
1033 2167 1080 2200 et
1099 2172 1190 2218 pio
1222 2156 1461 2204 concione
1490 2156 1592 2209 lau,-

185 2220 285 2272 dati
306 2236 524 2269 veterum
548 2239 702 2269 moie.

115 2308 168 2351 25
284 2289 507 2338 Tandem
529 2289 710 2337 nudata
726 2288 943 2337 nesciatis
962 2287 1176 2337 aditibus
1201 2293 1392 2354 multis,
1436 2293 1594 2358 lapsu.

183 2379 205 2406 r
209 2380 234 2406 a
262 2359 510 2408 invaditur
538 2360 731 2407 civitas:
768 2372 815 2406 et
843 2358 941 2405 line
962 2356 1098 2406 sexus
1122 2358 1402 2411 discrimine
1422 2363 1498 2409 vel
1517 2380 1592 2411 ae.

185 2428 319 2488 tatis,
352 2426 631 2493 quidquid
619 2442 830 2493 impetus
865 2427 1071 2491 iepciit‚
1114 2429 1321 2492 potestas
1352 2429 1591 2477 iratorum

185 2496 471 2560 absumpfit:
503 2497 585 2545 alii
610 2496 743 2546 exitii
770 2495 1069 2543 imminentis
1089 2498 1177 2544 tim
1182 2515 1292 2559 ore,
1331 2516 1442 2545 cum
1473 2499 1589 2550 hinc

184 2564 216 2609 i
206 2565 333 2628 gnis,
378 2565 492 2612 inde
520 2583 777 2613 lnuclones
808 2578 1059 2626 urgerent,
1095 2567 1321 2614 ultimum
1343 2569 1538 2628 sseuteS,
1563 2585 1589 2614 e

183 2602 334 2679 iiiuris
377 2634 472 2680 acti
519 2632 600 2680 sua
648 2632 818 2699 sponte
859 2633 1148 2698 praecipites
1161 2671 1177 2695 ,
1259 2637 1590 2702 membrisque

234 2798 270 2840 7)
305 2796 412 2844 l‘ulg.
439 2809 480 2831 ex
509 2795 669 2845 superius
696 2796 919 2831 devictorum
944 2809 1107 2835 numero.
