1727 3144
188 151 287 197 544
428 163 694 200 AMM1AN1
731 164 1128 197 MARCELLINI
1172 165 1319 212 xxxv,
1384 168 1426 197 1.

194 289 312 321 tam.
385 274 445 322 In
475 293 573 339 quo
599 275 714 324 loco
747 293 913 340 greges
943 293 1199 323 cervorum
1235 275 1399 340 plures
1418 273 1471 321 in
1506 272 1607 322 enti

199 342 331 405 sunt,
382 363 593 411 quorum
625 345 708 392 alii
734 346 915 392 confixi
946 344 1223 405 missilibus,
1266 345 1347 392 alii
1377 362 1478 409 pon
1519 343 1612 390 eri-¹

200 413 293 459 bus
323 413 364 477 ⁴)
387 413 487 460 elifi
528 431 805 471 remorum,
851 412 914 460 ad
952 412 1219 460 satietatem
1263 431 1430 460 omnes
1467 429 1612 477 pave-

204 496 344 529 runtt
390 499 498 546 pars
536 482 741 530 maxima
772 496 938 530 natatu
962 481 1155 529 adsueta
1183 483 1341 530 veloci
1373 481 1509 529 alveo
1533 497 1612 545 pe-

204 564 394 597 netrato
410 588 422 611 ,
452 551 713 598 incohibili
731 550 873 599 cursu
893 550 1038 599 evafi‘t
1060 550 1122 597 ad
1143 549 1428 598 solitudines
1455 563 1610 596 notas.

164 619 193 668 6
309 619 431 665 Exin
464 620 654 666 dierum
687 635 895 685 quatuor
928 620 1101 667 itinere
1134 621 1229 668 levi
1269 633 1486 684 peracto,
1536 622 1615 665 vess

205 687 342 752 spera
360 687 617 736 incedente
637 708 750 736 cum
783 689 1020 753 expeditis
1057 689 1189 736 mille
1217 687 1455 752 impolitis
1486 685 1620 733 navi-

207 758 327 816 bus,
377 757 677 806 Lucillianus
709 759 885 806 Comes
914 757 1123 821 imperio
1150 758 1385 821 principis
1408 757 1618 804 mittitur

208 824 434 872 Anathan
459 826 815 873 munimentum
840 840 1222 890 expugnaturus:
1271 824 1408 890 quod
1437 839 1490 870 ut
1520 824 1621 888 ple-

209 912 361 958 raque
385 895 475 941 alia
499 894 836 942 circumluitur
860 895 1054 941 fluentis
1086 894 1363 959 Euphratis.
1444 893 1506 940 Et
1539 910 1623 938 na-

211 963 377 1021 vibus,
419 977 473 1008 ut
502 977 816 1027 praeceptum
852 963 942 1022 est,
976 980 1062 1029 per
1082 977 1359 1027 opportuna
1381 960 1622 1026 disperfis,

217 1030 525 1076 oblidehatur
547 1028 726 1088 insula,
759 1029 988 1077 nebulosa
1009 1045 1152 1078 nocte
1184 1032 1507 1079 obumbrante
1533 1030 1623 1076 im-

170 1119 199 1163 7
220 1111 386 1161 petum
419 1097 785 1144 clandestinum.
882 1096 984 1145 Sed
1029 1098 1275 1163 postquam
1313 1100 1510 1147 advenit
1540 1104 1624 1146 lux

217 1179 371 1224 certa,
409 1179 641 1229 aquatum
670 1166 871 1231 quidam
898 1165 1131 1230 egressuS,
1162 1167 1270 1215 vifis
1294 1168 1454 1215 subito
1479 1168 1627 1215 hosti-

213 1234 307 1281 bus
339 1234 562 1282 ululabili
593 1235 806 1284 clamore
833 1234 1052 1297 sublato,
1100 1236 1282 1284 excitos
1317 1235 1624 1283 tumultuolis

216 1302 421 1350 vocibus
454 1319 841 1368 propugnatores
869 1306 1087 1352 armavit.
1180 1305 1243 1351 Et
1284 1322 1398 1352 mox
1436 1303 1628 1369 specula

218 1370 430 1435 quadam
469 1372 687 1419 altillima
727 1374 978 1438 explorato
1011 1373 1105 1421 [itu
1139 1373 1432 1431 castrorum,
1481 1392 1630 1438 quam

220 1440 432 1489 ocissime
463 1460 576 1490 cum
602 1441 809 1490 duarum
837 1441 1076 1508 praesidio
1106 1442 1303 1489 navium
1337 1460 1528 1490 amnem
1556 1442 1631 1489 su-

219 1525 438 1571 permeat
458 1511 757 1576 Imperator,
788 1529 917 1576 pone
936 1510 1250 1576 sequentibus
1276 1511 1477 1575 navigiis
1510 1512 1633 1558 mul-

178 1573 205 1617 8
225 1577 308 1638 tis,
343 1597 465 1642 quae
486 1579 814 1628 oblidionales
837 1580 1086 1628 machinas
1111 1579 1432 1628 advehebant.
1506 1581 1634 1628 Iam-

224 1663 319 1709 que
342 1649 491 1694 muris
515 1650 874 1713 propinquans,
910 1667 1023 1697 cum
1044 1667 1143 1696 non
1167 1649 1349 1713 absque
1393 1648 1633 1708 discrimi-

224 1714 370 1761 nibus
390 1717 554 1763 multis
574 1715 898 1765 consideraret
934 1718 1025 1766 effe
1057 1717 1365 1780 certandum,
1410 1716 1633 1765 sermone

228 1799 343 1829 cum
374 1785 496 1846 leni,
535 1799 640 1832 tum
671 1785 839 1850 aspero
868 1800 915 1834 et
948 1786 1125 1834 minaci
1159 1787 1448 1834 hortabatur
1469 1785 1531 1833 ad
1553 1785 1634 1834 de-

230 1848 470 1898 ditionem
514 1853 816 1902 defensores:
869 1856 953 1920 qui
1007 1854 1068 1903 ad
1120 1856 1427 1920 colloquium
1477 1855 1632 1919 petito

228 1917 521 1980 Hormisda,
550 1922 787 1984 promiffis
811 1923 912 1969 eius
933 1938 980 1970 et
1002 1923 1280 1970 iuramentis
1305 1924 1487 1982 illecti,
1513 1923 1634 1968 mul-
1702 1960 1707 1978 ,x

186 1993 214 2036 9
233 2000 277 2034 ta
297 1987 386 2033 fibi
409 1988 469 2035 de
489 1988 758 2035 lenitudine
780 1990 997 2037 Romana
1015 1990 1336 2053 spondebant.
1404 1991 1634 2055 Denique

230 2075 346 2122 prae
366 2055 413 2104 sc
442 2058 621 2105 bovem
651 2072 940 2104 coronatum
971 2072 1191 2121 agentes,
1235 2057 1372 2122 quod
1404 2059 1469 2105 est
1500 2059 1633 2122 apud

234 2144 317 2174 eos
338 2125 586 2189 susceptae
617 2124 748 2189 pacis
778 2125 1041 2186 iudicium,
1089 2126 1378 2174 descendere
1404 2127 1635 2191 supplici-

232 2209 328 2242 tcr:
375 2208 423 2241 et
450 2195 607 2241 statim
638 2193 942 2242 munimento
985 2196 1119 2241 omni
1159 2194 1379 2256 incenso,
1427 2195 1634 2243 Pusaeus

237 2265 339 2311 cius
358 2264 650 2326 praefecum,
686 2262 782 2310 dux
805 2264 1014 2328 Aegypti
1035 2264 1219 2326 postea,
1263 2265 1453 2314 honore
1483 2266 1635 2312 tribu-

235 2347 374 2378 natus
407 2330 626 2379 adfectus
659 2331 736 2378 est.
818 2331 1012 2397 Reliqui
1047 2351 1162 2380 vero
1197 2351 1310 2380 cum
1352 2334 1633 2380 caritatibus

237 2401 333 2447 suis
356 2414 403 2448 et
424 2399 745 2464 supellectile,
781 2400 814 2464 ς)
837 2399 1122 2449 humaniore
1143 2401 1278 2448 cultu
1298 2402 1357 2448 ad
1390 2402 1636 2466 Syriacam

172 2473 222 2503 10
239 2469 483 2516 civitatem
506 2468 737 2517 Chalcida
754 2470 1006 2516 transmissi
1028 2469 1150 2516 sunt.
1225 2471 1357 2518 Inter
1380 2470 1469 2516 hos
1500 2471 1635 2518 miles

239 2537 464 2601 quidam,
520 2554 633 2584 cum
679 2537 999 2585 Maximianus
1053 2538 1337 2603 perrupiffet
1386 2537 1637 2603 quondam

238 2605 453 2654 Perlicos
492 2609 640 2669 fines,
683 2606 733 2652 in
766 2607 842 2654 his
872 2607 994 2655 locis
1028 2625 1168 2671 aeger
1206 2608 1430 2669 relictus,
1479 2607 1634 2674 prima

283 2774 322 2812 4)
350 2770 416 2807 Ml'.
443 2771 713 2808 inim-amorum.
766 2772 808 2818 5)
831 2770 898 2806 ΜΓ.
928 2770 1154 2805 humaniore.
