1727 3144
240 191 676 236 cons‘rAN‘rms
719 193 792 224 ET
833 192 1146 225 IUL1ANUs.
1219 182 1335 227 560.
1402 196 1516 245 '2¹7

103 321 192 351 nec
221 304 409 352 confixi
437 303 705 354 mortiferis
738 301 1022 351 vulneribus
1064 302 1265 367 plurimi
1307 320 1518 355 caeteros

100 374 160 419 ab
190 372 390 420 audacia
422 375 560 437 parili
596 376 901 421 revocabant.
985 371 1087 420 Sed
1119 371 1205 419 diu
1226 391 1340 420 cuni
1370 375 1517 423 exitio

102 440 420 490 decernentes
455 443 722 507 postremo,
778 441 1009 508 periculis
1038 440 1346 490 obiectavere
1370 441 1522 492 semet

101 512 348 576 abruptis:
393 527 439 560 et
460 512 691 577 agitantes
716 511 914 571 arietes,
953 510 1103 559 denso
1134 509 1357 558 saxorum
1375 513 1523 559 mola-

101 580 231 627 rium
264 582 484 645 pondere
512 582 842 646 fomentisque
863 580 1049 642 ignium
1069 581 1238 641 variis,
1277 581 1348 628 ire
1370 583 1523 645 proti-

101 667 192 696 nus
213 652 514 697 vetabantur
584 652 771 698 Verum
795 667 920 696 unus
947 649 1071 697 aries
1101 649 1302 697 reliduis
1332 649 1519 710 celum,

98 716 346 765 humectis
373 719 572 766 taurinis
603 733 803 783 opertus
842 718 1053 780 exuviis,
1105 719 1319 783 ideoque
1360 720 1522 766 minus

31 789 36 791 ’
99 786 234 833 caius
267 789 518 835 flammeos
551 786 894 850 peitimescens
921 802 1002 834 aut
1040 788 1163 846 tela,
1230 784 1523 852 anteglessus

102 872 270 902 omnes
306 856 453 921 replit
485 856 666 904 nilibus
693 857 880 921 magnis
919 856 981 903 ad
1016 876 1238 904 murum:
1290 857 1521 921 vastoque

100 924 326 972 acumine
357 941 642 991 coagmenta
675 925 897 990 lapidum
926 926 1148 987 fodiens,
1197 927 1373 973 turrim
1399 928 1525 973 laxa-

100 1006 200 1040 tam
224 994 413 1041 evertit.
488 996 595 1052 Qua
614 994 777 1042 sonitu
795 994 922 1058 lapsa
943 995 1160 1060 ingenti,
1203 994 1523 1060 superstantes

47 1064 49 1067 ’
101 1080 301 1128 quoque
334 1064 586 1128 repentina
606 1065 744 1112 ruina
767 1064 976 1126 deiecti,
1005 1064 1312 1130 diffractique
1336 1066 1413 1113 vel
1437 1067 1524 1112 ob-

100 1131 474 1190 ruti,mortibus
496 1134 724 1181 interiere
748 1133 946 1182 diverfis
970 1148 1016 1181 et
1037 1133 1317 1198 insperatis:
1357 1135 1525 1181 inven-

100 1214 252 1265 toque
271 1202 458 1250 tutiore
475 1202 708 1251 adscensu
733 1217 916 1250 armata
936 1203 1079 1250 irruit
1098 1202 1381 1250 multitudo.

202 1269 436 1334 Trepidis
487 1271 666 1320 deinde
705 1271 1046 1335 superatorum
1086 1272 1283 1318 auribus
1335 1271 1525 1317 ululan-

101 1337 226 1385 tium
247 1340 473 1403 ‚undique
501 1338 779 1387 Persarum*
801 1340 1055 1386 intonante
1100 1340 1316 1402 fragore,
1373 1340 1522 1387 artius

99 1407 348 1471 proelium
381 1408 505 1454 intra
534 1425 702 1453 muros
739 1406 936 1467 exarsit,
984 1407 1198 1454 hostium
1228 1408 1527 1455 nostrorum-

104 1494 200 1540 que
228 1477 432 1523 catervis
463 1476 762 1524 certantibus
790 1476 1090 1537 comminus,
1136 1495 1250 1525 cum
1290 1478 1525 1526 confertis

103 1545 231 1591 inter
260 1544 308 1592 se
337 1546 656 1609 corporibus,
693 1545 809 1590 hinc
842 1543 1058 1608 indeque
1088 1545 1254 1592 stricto
1286 1564 1523 1594 mucrone

102 1614 227 1660 nulli
269 1613 632 1661 occurrentium
669 1626 968 1676 parceretur.
1083 1613 1263 1674 Magna
1311 1614 1524 1679 denique

102 1685 236 1730 mole
259 1683 460 1747 ancipiti
485 1682 571 1727 diu
595 1680 742 1728 exitio
766 1680 1028 1727 renitentes
1052 1679 1238 1742 obstem,
1276 1683 1524 1745 postremo

102 1752 262 1817 plebis
288 1749 546 1798 immensae
568 1748 873 1815 ponderibus
895 1748 1040 1796 effuse
1064 1748 1256 1797 disiecti
1281 1750 1408 1799 sunt.
1462 1753 1526 1800 Et

101 1820 212 1886 post
242 1820 363 1868 haec
393 1821 629 1867 iratorum
657 1817 870 1866 hostium
906 1818 1082 1882 gladii,
1126 1818 1373 1885 quidquid
1393 1821 1527 1870 inve-

104 1890 199 1936 niri
227 1904 444 1953 poterat,
482 1887 839 1936 concidebant:
882 1888 1171 1953 abreptique
1210 1887 1394 1937 finibus
1428 1910 1526 1938 ma-

102 1972 235 2006 trum
262 1959 478 2022 parvuli,
520 1956 649 2023 ipfae
679 1974 879 2023 quoque
919 1971 1096 2005 matres
1134 1957 1528 2018 trucidabantur,

103 2029 268 2089 nullo,
313 2027 435 2093 quid
465 2040 649 2092 ageiet,
695 2024 1009 2090 1·.espectante
1082 2026 1219 2074 Intei
1249 2045 1304 2075 ea
1330 2043 1430 2075 tam
1452 2030 1527 2075 fu-

104 2098 261 2159 nesta,
312 2115 426 2161 gens
469 2094 695 2174 rapiendi
733 2095 1017 2160 cupidior,·
1050 2096 1215 2143 onusta
1253 2095 1525 2160 spolioium

107 2184 282 2231 genere
307 2166 468 2227 omni,
503 2166 910 2230 captivorumque
933 2182 1129 2213 examen
1149 2165 1417 2213 maximum
1440 2165 1527 2212 ‹lu-

106 2253 251 2295 cens,
284 2235 495 2282 tentoria
518 2234 746 2299 repetivit
767 2233 1021 2282 exsultans.

204 2306 305 2352 Rex
328 2318 490 2351 tamen
513 2302 690 2368 gaudio
721 2302 950 2350 insolenti
978 2304 1157 2366 elatus,
1200 2301 1384 2366 diuque
1406 2299 1524 2348 defi-

108 2368 249 2421 derio
290 2371 558 2437 capiendae
596 2371 875 2420 Phoenicae
918 2374 1151 2436 flagrans,
1233 2370 1528 2418 munimenti

106 2456 347 2508 perquam
366 2440 668 2506 tempestivi,
703 2458 802 2489 non
822 2455 932 2489 ante
956 2440 1163 2488 discessit
1177 2476 1190 2499 ‚
1230 2457 1377 2503 quam
1398 2438 1528 2486 labe-

108 2511 284 2560 factata
318 2529 574 2559 muroium
604 2524 736 2574 parte
764 2524 981 2575 reparata
1001 2508 1292 2569 firmillime,
1331 2507 1530 2555 alimen-

112 2581 271 2658 tisque
292 2580 495 2628 adfatim
516 2579 755 2641 conditis,
791 2593 1000 2626 armatos
1024 2578 1095 2625 ibi
1116 2578 1301 2624 locaret
1320 2576 1528 2640 infignes

115 2650 301 2714 origine
318 2686 334 2708 ,
374 2650 590 2716 bellique
620 2649 804 2696 artibus
836 2649 1006 2696 elaios
1078 2646 1355 2694 Veiebatui
1379 2645 1526 2707 enim,

117 2718 252 2781 quod
287 2718 489 2781 accidit,
540 2736 602 2768 ne
635 2717 936 2766 ainiffionem
964 2715 1227 2765 castioium
1254 2715 1527 2781 ingentium

1542 396 1595 427 12

1545 651 1596 696 15

1549 2306 1603 2350 16
