1727 3144
202 183 627 221 CONSTANTIUS
673 183 744 214 ET
801 178 1120 236 romanus
1196 170 1312 230 559.
1406 174 1500 234 189

90 310 215 356 tem,
250 293 537 342 ulteriorem
573 293 730 359 ripam
761 290 962 357 petituri
993 310 1082 357 per
1110 310 1310 353 navem,
1353 312 1501 360 quam

88 362 434 412 transfretandi
462 362 601 411 causa
632 363 848 415 iumenta
878 375 926 408 et
960 360 1214 423 homines,
1247 363 1296 408 in
1324 380 1382 410 eo
1404 379 1498 411 tra-

40 475 51 491 „
87 447 172 481 ctu
201 431 429 480 diuturna
464 431 767 481 consuetudo
798 431 997 478 locarat.
1065 430 1194 479 Ecce
1219 445 1383 479 autem
1402 431 1496 480 Ro.
1519 451 1572 482 ιο

85 519 287 550 manum
342 520 514 566 agmen
559 520 670 550 cum
708 500 1009 565 equestribus
1049 499 1193 563 fignis
1235 499 1497 549 disiectum

65 571 277 619 ‘eminus
305 571 574 632 cernimus,
609 569 747 634 quod
779 570 830 633 ¹¹)
864 567 1246 633 persequebatur
1279 571 1501 628 multitu-

87 638 154 687 do
186 638 469 697 Persarum,
514 640 756 686 incertum
783 637 915 686 unde
951 637 1140 702 impetu
1167 653 1268 686 tam
1288 639 1498 704 repenti-

85 726 152 755 no
175 722 308 772 terga
333 708 552 755 viantum
584 706 813 770 adgressa.
889 706 1003 763 Quo
1036 708 1264 771 exemplo
1300 709 1505 773 terrige÷

1522 723 1567 750 11

82 794 168 823 nas
188 777 298 823 illos
313 794 411 823 non
432 777 613 822 finibus
626 789 780 823 terrae
796 774 1022 853 emersos,
1045 774 1129 823 sed
1142 777 1198 841 ¹²)
1212 778 1498 825 exuberanti
1521 838 1523 841 ι

81 845 369 923 peruicit-ate
399 844 645 891 credimus
676 858 842 892 natos:
891 845 1001 910 qui,
1019 847 1267 923 quoniam
1304 846 1499 911 inopini

80 931 170 978 per
199 914 331 961 v·a1ia
363 912 642 962 visebantui
655 950 668 975 ,
726 913 892 977 Sparti
923 914 1148 976 vocitati,
1194 914 1349 962 humo
1384 915 1498 963 exfi-

80 981 242 1045 luiffe,
280 984 334 1048 ¹³)
358 982 586 1031 vetustate
613 996 668 1029 ut
697 997 886 1030 caetera
917 982 1181 1031 fabulofius
1216 985 1495 1046 extollente,

79 1050 191 1100 sunt
223 1051 492 1100 existimati.
577 1053 636 1117 ¹⁴)
667 1051 779 1099 Hoc
808 1052 1023 1113 conciti,
1071 1071 1184 1100 cum
1221 1071 1365 1101 omne
1394 1054 1492 1101 iam

81 1120 195 1168 esset
224 1121 274 1168 in
303 1121 546 1169 celeritate
571 1119 736 1169 salutis
757 1119 1077 1185 praesidium,
1113 1140 1200 1186 per
1228 1122 1424 1171 dumeta
1447 1137 1494 1170 et

78 1188 217 1238 filvas
247 1204 439 1238 montes
473 1191 685 1255 petimus
718 1190 973 1238 celsiores:
1018 1190 1290 1256 exindeque
1311 1191 1493 1238 Meliti-

78 1276 192 1314 nam
222 1259 426 1307 minoris
454 1259 716 1305 Armeniae
747 1258 986 1335 oppidum
1019 1260 1265 1307 venimus:
1312 1261 1494 1307 ubire-

77 1341 274 1391 pertum
306 1326 484 1374 ducem
514 1327 735 1374 comitati
767 1328 864 1399 iam
900 1329 1263 1393 profecttuum,
1316 1328 1492 1377 Antio-

79 1395 243 1443 chiam
264 1394 528 1443 ievilimus.

172 1465 264 1512 IX
296 1464 487 1511 Inteiea
515 1463 675 1528 Sapoi
703 1476 749 1510 et
780 1462 981 1542 Persae,
1025 1466 1137 1531 quia
1169 1464 1403 1516 tendere
1392 1487 1486 1516 iam

77 1531 314 1585 introrsus
353 1547 588 1580 autumno
629 1533 886 1597 praecipiti
924 1533 1364 1601 ¹)haedoiumque
1402 1538 1490 1584 im·

75 1602 239 1668 probo
258 1602 412 1649 fidere
433 1615 602 1649 exorto
627 1619 683 1664 pr
688 1600 1034 1663 ohibebantur,
1055 1605 1274 1667 captivos
1293 1621 1488 1669 agentes

1518 1066 1571 1095 12

1514 1483 1535 1510 1.

77 1686 127 1721 et
146 1670 377 1736 praedas,
411 1686 626 1718 remeare
646 1668 929 1732 cogitabant
951 1670 1015 1717 ad
1032 1671 1129 1718 sua
1202 1674 1337 1721 Inter
1366 1675 1487 1722 haec
1509 1692 1540 1721 2

75 1755 236 1789 tamen
264 1741 434 1787 funera
467 1736 868 1803 direptionesque
901 1738 1110 1788 civitatis
1139 1741 1349 1804 excisae,
1392 1744 1491 1791 Ae-

73 1810 206 1858 liano
237 1809 429 1857 Comite
461 1823 510 1856 et
537 1807 775 1868 tribunis,
822 1825 1033 1874 quorum
1065 1811 1279 1859 efficacia
1300 1810 1387 1859 diu
1408 1812 1490 1861 de-

71 1878 204 1926 fensa
232 1876 342 1925 sunt
371 1877 590 1938 moenia,
633 1877 913 1941 stragesque
937 1878 1287 1944 multiplicatae
1322 1881 1488 1930 Persa-

73 1967 209 2009 rum,
245 1947 478 2012 patibulis
509 1945 704 1994 sceleste
733 1944 939 2008 suffixis,
985 1947 1194 1996 Iacobus
1217 1964 1264 1997 et
1291 1950 1484 1998 Caefius

73 2016 339 2064 numerarii
377 2015 697 2081 adparitionis
734 2015 947 2078 magistri
984 2017 1232 2082 equitum,
1302 2020 1484 2084 aliique

71 2099 375 2150 protectores
405 2084 512 2148 post
540 2098 672 2149 terga
691 2084 870 2131 vinctis
894 2086 1120 2133 manibus
1150 2086 1482 2136 ducebantur:

72 2153 488 2218 Transtigritanis,
518 2151 603 2218 qui
625 2152 832 2201 sollicita
855 2156 1211 2218 quaerebantur
1230 2156 1482 2217 industiia,

70 2224 208 2271 nullo
233 2221 392 2269 infimi
411 2220 685 2300 summique
709 2220 1018 2286 discrimine,
1057 2224 1120 2272 ad
1140 2244 1294 2273 unum
1327 2226 1482 2273 omni-

71 2293 163 2340 bus
185 2291 530 2339 contruncatis.

170 2361 308 2409 onr
328 2377 444 2407 vero
468 2359 735 2422 Craugasii,
767 2379 889 2426 quae
910 2363 1120 2411 retinens
1145 2362 1386 2427 pudorem
1406 2361 1478 2410 in·
1497 2371 1526 2416 3

72 2431 307 2478 violatum
338 2442 393 2476 ut
426 2443 646 2476 matrona
672 2431 850 2478 nobilis
890 2433 1167 2493 colebatur,
1232 2432 1480 2482 maerebat

73 2500 206 2546 velut
241 2498 409 2546 orbem
443 2498 592 2545 alium
623 2498 721 2546 fine
748 2502 924 2547 marito
956 2500 1141 2562 visura,
1186 2518 1478 2565 quamquam

72 2566 295 2631 sperabat
323 2566 632 2615 documentis
663 2567 995 2631 praesentibus
1028 2569 1216 2616 altiora⁴
1288 2569 1348 2618 ln
1374 2587 1477 2619 rem
1497 2575 1527 2631 4

558 2687 671 2700 ——u—-A

93 2736 182 2800 ¹n)
217 2754 285 2790 Ms
322 2748 615 2803 prosequebatur.
656 2756 810 2800 12)]Ws.
841 2754 1075 2815 exsuperanti.
1113 2754 1275 2804 133Ms.
1309 2758 1480 2798 vetustate

74 2810 218 2836 matt-re
281 2806 340 2848 14)
375 2804 418 2839 ro*
444 2804 544 2838 malo
573 2801 641 2839 Ms
676 2803 783 2842 deest.
848 2809 883 2852 1)
921 2805 962 2841 τὸ
993 2804 1159 2853 improbo
1202 2803 1300 2846 deest
1340 2805 1386 2841 aul
