1727 3144
205 183 300 227 214
442 193 711 226 Anniam
748 193 1144 225 MARCELLINI
1185 196 1287 240 -xx,
1334 182 1380 225 6.
1433 196 1476 240 7».

210 305 437 370 gittarum
460 305 746 367 crebritate,
777 321 868 352 nec
887 303 928 370 ²)
952 303 1138 369 glandis
1160 303 1278 352 hinc
1299 303 1414 351 inde
1446 302 1623 352 cess'an-

213 389 278 425 ἵε,
362 374 498 422 Vicit
538 388 697 422 tamen
746 392 890 422 omne
929 373 1234 439 prohibendi
1287 387 1622 421 commentum

216 443 418 491 arcumen
441 442 628 504 arietis,
663 457 945 507 coagmenta
980 442 1174 492 fodiens
1205 442 1426 506 lapidum
1456 458 1622 488 recens

218 512 535 575 structorum,
609 511 904 576 madoreque
964 513 1108 559 etiam
1165 525 1269 558 tum
1337 510 1624 557 infirmium.

172 595 201 639 7
219 581 450 644 Dumque
472 579 633 628 adhuc
655 581 785 628 ferro
807 595 1014 628 certatur
1037 595 1084 627 et
1111 580 1329 644 ignibus,
1374 577 1496 625 turri
1527 577 1629 626 col·-
1651 601 1672 623 ·,

219 647 353 712 lapsa
389 667 501 696 cum
532 649 753 714 patuiffet
782 650 874 696 iter
904 650 955 696 in
983 649 1154 697 urbem
1174 686 1186 709 ,
1235 647 1418 694 nudato
1448 662 1630 722 propu-
1660 660 1685 709 4

222 717 506 781 gnatoribus
524 718 664 780 loco,
718 735 839 782 quos
867 718 1072 783 periculi
1107 717 1362 764 disiecerat
1391 713 1630 778 magnitu-

224 785 317 846 do,
378 784 631 834 Persarum
670 787 859 851 agmina
898 786 1117 849 undique
1156 784 1378 831 ululabili
1414 780 1629 830 clamore

222 852 440 914 sublato,
500 857 635 902 nullo
674 854 938 902 cohibente
981 868 1155 903 cuncta
1195 853 1364 917 oppidi
1409 852 1629 900 membra

225 923 568 985 complebant:
615 923 856 987 caesisque
887 922 1127 988 promisce
1161 921 1476 987 paucillimis,
1521 918 1630 966 reli-

227 989 315 1036 dui
347 1008 514 1038 omnes
559 992 595 1056 ³)
626 991 858 1038 mandatu
897 992 1096 1055 Saporis
1134 992 1231 1038 vivi
1273 989 1511 1067 corripiel,
1493 987 1629 1052 enfi,

228 1059 291 1109 ad
312 1059 531 1121 regiones
550 1057 758 1107 Perfidis
779 1060 972 1106 ultimas
993 1059 1101 1106 sunt
1127 1059 1373 1123 asportati.

179 1128 209 1171 8
330 1126 618 1174 Tuebantur
637 1141 798 1174 autem
819 1128 945 1175 hanc
971 1128 1216 1174 civitatem
1234 1128 1450 1190 legiones
1489 1125 1632 1185 duae,

227 1194 387 1257 prima
439 1195 628 1255 Flavia,
683 1195 934 1261 primaque
982 1195 1235 1256 Parthica,
1277 1209 1325 1242 et
1377 1192 1633 1256 indigenae

227 1261 419 1325 plures,
463 1281 577 1311 cum
606 1263 786 1313 auxilio
815 1264 1036 1340 equitum
1066 1265 1181 1312 ilico
1221 1265 1285 1311 ob
1323 1262 1632 1337 repentinum

229 1330 415 1377 malum
443 1330 770 1380 inclusorum:
816 1332 903 1399 qui
937 1350 1131 1410 omnes,
1180 1346 1235 1378 ut
1275 1331 1406 1390 dixi,
1460 1329 1634 1378 vinctis

231 1399 455 1446 manibus
514 1394 842 1460 ducebantur,
899 1401 1038 1452 nullo
1095 1400 1290 1448 iuvante
1342 1398 1634 1446 nostrorQurn

186 1477 214 1522 9
235 1464 426 1516 Nisibin
453 1469 582 1516 enim
602 1468 691 1515 sub
712 1469 923 1533 pellibus
953 1486 1097 1532 agens
1128 1488 1238 1532 pars
1269 1468 1425 1515 maior
1459 1466 1638 1513 exerci-

234 1548 311 1581 tus
347 1537 673 1597 custodiebat,
716 1538 969 1587 intervallo
1003 1555 1238 1601 perquam
1273 1538 1423 1599 longo
1460 1534 1638 1582 discre-

232 1615 359 1653 tam:
397 1604 615 1671 alioquin
638 1622 903 1680 numquam
937 1605 1121 1651 labenti
1150 1605 1380 1669 Singarae
1409 1604 1486 1652 vel
1521 1612 1639 1650 tem-

231 1670 442 1732 poribus
497 1671 666 1735 priscis
710 1673 967 1737 quisquam
1015 1673 1140 1720 ferre
1180 1673 1411 1719 auxilium
1460 1672 1638 1737 potuit,

235 1755 474 1805 aquarum
503 1740 731 1804 paenuria
762 1741 948 1787 eunctis
987 1741 1171 1790 circum
1206 1741 1452 1788 arentibus
1497 1742 1635 1789 locis

235 1803 301 1852 Et
332 1806 446 1853 licet
468 1807 529 1853 ad
558 1807 946 1871 praesciscendos
975 1807 1196 1856 adversos
1227 1808 1510 1872 subitosque
1537 1827 1640 1856 nro-

236 1885 346 1934 tuS,
378 1874 431 1920 id
460 1877 818 1923 munimentum
843 1891 1119 1941 opportune
1143 1878 1324 1924 locarit
1362 1877 1639 1940 antiquitas,

240 1940 501 2007 dispendio
537 1958 698 1992 tamen
725 1944 818 1990 fuit
856 1946 926 1992 rei
956 1945 1226 2006 Romanae,
1271 1964 1385 1992 cum
1419 1943 1640 1992 desento..

238 2028 350 2058 rum
371 2010 552 2058 iactura
572 2012 830 2088 aliquoties
858 2013 1197 2077 interceptum.

195 2098 217 2127 κ
240 2083 243 2085 “
337 2079 454 2131 VII.
489 2079 694 2127 Exciso
683 2093 845 2144 itaque
865 2081 1079 2158 oppido,
1111 2099 1193 2128 rex
1219 2079 1408 2127 Nilibin
1429 2080 1641 2146 pruden-

239 2145 278 2191 ti
309 2146 511 2195 confilio
539 2148 722 2208 vitans,
766 2167 954 2196 memor
993 2149 1248 2207 nimirum,
1295 2167 1417 2213 quae
1452 2149 1641 2214 saepius

236 2213 311 2261 ibi
312 2216 632 2291 pertulerat,
678 2216 899 2264 dextrum
927 2218 1049 2265 latus
1080 2218 1334 2265 itineribus
1366 2218 1488 2282 petit
1520 2219 1642 2266 obli.

239 2281 375 2346 quis:
409 2283 696 2345 Bezabden,
732 2303 878 2349 quam
907 2285 1205 2333 lhocnicanr
1234 2304 1430 2350 quoque
1458 2287 1643 2334 institu-

238 2365 370 2399 tores
402 2365 588 2400 veteres
615 2352 943 2416 adpellarunt,
981 2356 1029 2402 vi
1061 2356 1134 2402 vel
1168 2353 1509 2430 promill'orum
1537 2354 1645 2401 dul-

239 2418 413 2468 cedine
440 2420 613 2468 illectis
656 2420 993 2469 defensoribus
1032 2437 1644 2483 1·etenturu5,munrmen‹-

239 2500 344 2535 tum
364 2487 618 2552 impendio
645 2489 888 2553 validum,
919 2491 969 2536 in
999 2493 1122 2539 colle
1157 2491 1472 2539 mediocritei
1505 2491 1641 2538 edito

238 2554 475 2618 politum,
505 2575 805 2624 vergensque
831 2559 880 2604 in
917 2560 1156 2623 margines
1190 2559 1432 2623 Tigridis,
1479 2574 1640 2624 atque,

238 2622 325 2669 ubi
363 2624 468 2671 loca
510 2623 726 2691 suspecta
775 2626 886 2676 sunt
921 2641 969 2677 ct
1002 2628 1232 2689 humilia,
1277 2627 1463 2695 duplici
1499 2645 1642 2677 muro

285 2795 322 2829 a)
351 2787 402 2820 al.
440 2785 581 2830 glande.
637 2791 675 2835 3)
702 2787 768 2823 ΜΓ.
798 2789 980 2824 mandam.
