1727 3144
251 162 348 204 510
478 171 748 203 Aminiam
794 167 1177 200 winenheim
1214 166 1378 213 xxm,
1429 167 1473 198 2.

252 283 406 330 bium·
434 297 483 331 et
506 280 792 346 ‘Hypatium
829 295 1079 343 germanos
1112 277 1330 338 'fratres‚
1392 264 1660 325 Constantii

253 350 490 417 principis
515 348 764 415 quondam
797 348 1007 409 adfines,
1051 345 1114 394 ad
1150 345 1436 410 cupidinem
1473 346 1660 393 altioris

253 421 479 468 fortunae
503 433 713 480 erectos,
748 433 795 465 et
814 415 1100 465 consuluisse
1123 430 1171 464 et
1200 415 1390 480 agitass'e
1420 414 1663 479 quaedam

252 488 397 554 super
418 487 851 553 imperiodetulitq
883 486 1063 533 addens
1081 485 1245 532 itineri
1267 484 1330 532 ad
1348 483 1661 532 mendacium

255 560 369 605 ficte
403 557 707 618 constructo,
756 555 893 620 quod
933 554 1145 603 Eusebio
1192 553 1338 601 etiam
1376 553 1666 618 principalia

190 645 239 672 10
257 627 543 675 indumenta
585 640 750 690 parata
785 624 921 672 fint.'
992 624 1190 688 Quibus·
1236 622 1413 670 haustis
1449 637 1665 681 aventer,

257 694 609 743 fremebundus
641 709 687 742 et
717 696 904 756 minax,
958 695 1039 741 cui
1070 692 1196 739 nihil
1229 689 1376 740 licere
1410 690 1664 754 debuerat,

258 766 373 829 quia
402 765 569 813 omnia
598 763 689 810 fibi
720 764 894 824 licere,
934 763 1088 809 etiam
1130 761 1302 808 iniusta
1348 761 1665 822 existimabar,

254 833 494 881 irremill'e
507 835 570 881 ab
594 832 634 898 ⁸)
654 831 878 880 extremis
900 832 1153 894 regionum
1183 830 1447 877 intervallis
1480 829 1668 877 exhibi-

256 902 585 963 tisnnmibus,
622 918 745 964 quos
766 899 948 947 solutus
973 899 1162 962 legibus
1191 897 1438 945 accusator
1461 898 1666 962 perduci

256 969 436 1017 debere
458 967 702 1034 profunda
725 966 977 1015 securitate
998 966 1274 1026 mandarat,
1316 966 1497 1032 suscipi
1522 985 1670 1032 quae-

190 1055 236 1082 ιι
256 1038 462 1085 stionem
514 1034 772 1084 criminose
835 1034 1098 1099 praecepit.
1191 1035 1413 1098 Cumque
1467 1036 1666 1084 nodofis

256 1107 642 1155 coartationibus
677 1105 918 1169 aequitate
952 1103 1037 1150 diu
1075 1103 1276 1164 iactata,
1328 1117 1376 1150 et
1403 1105 1444 1168 ⁹)
1463 1106 1666 1152 nexibili

257 1174 623 1224 adseveratione
670 1174 850 1238 perditi
887 1171 1146 1221 nebulonis
1192 1170 1420 1233 durante,
1472 1175 1667 1222 nullam

258 1245 604 1292 confessionem
633 1245 903 1308 exprimere
930 1254 1173 1289 tormenta
1200 1241 1359 1304 gravia
1386 1242 1666 1305 potuissent,

257 1315 604 1378 ablegatosque
659 1314 719 1360 ab
761 1312 895 1359 omni
934 1308 1220 1359 huiusmodi
1259 1309 1555 1359 conscientia
1592 1330 1668 1360 res

258 1382 360 1446 ipsa
393 1383 521 1431 viros
557 1381 836 1430 ostenderet
869 1382 1048 1429 claros:
1084 1379 1423 1426 *calumniator
1464 1381 1667 1445 quidem

257 1452 324 1499 ita
342 1466 396 1499 ut
414 1466 552 1500 antea
569 1451 922 1499 honorabiliter
941 1449 1218 1497 colebatur:
1243 1448 1315 1494 illi
1334 1466 1473 1510 vero,
1500 1450 1669 1499 exlilio·

258 1535 306 1568 et
345 1522 639 1585 pecuniariis
678 1521 863 1568 adflicti
915 1517 1208 1582 dispendiis,
1268 1517 1436 1581 paullo
1485 1519 1671 1582 postea,¹

257 1590 452 1638 reddita
485 1591 575 1637 libi
603 1592 781 1650 multa,
825 1588 935 1637 sunt
970 1587 1207 1648 revocati,
1254 1586 1573 1651 dignitatibus
1597 1589 1668 1635 in-

258 1660 406 1723 tegris
430 1674 477 1708 et
504 1659 780 1724 splendore.
1634 1698 1636 1701 ,

158 1732 160 1734 ’
187 1743 240 1770 12
351 1728 456 1776 Nec
486 1733 649 1776 tamen
685 1729 790 1793 post
818 1727 939 1774 haec
968 1739 1067 1773 tam
1097 1723 1394 1790 poenitenda
1416 1725 1673 1790 repreffius·

257 1811 420 1844 actum
443 1798 511 1845 est
527 1800 604 1846 vel
623 1797 890 1862 pudenter:
923 1813 1023 1843 non
1049 1809 1303 1860 reputante
1333 1795 1428 1842 alta
1459 1795 1668 1842 nimium

253 1866 515 1929 potestate,
549 1867 686 1931 quod
707 1881 836 1914 recte
861 1865 1087 1912 institutis
1120 1883 1180 1911 ne
1213 1883 1324 1911 cum
1353 1863 1678 1911 inimicorum.

257 1933 462 1997 quidem
491 1935 818 1982 incommodis
848 1937 899 1981 in
931 1934 1107 1981 delicta
1134 1934 1364 1981 convenit
1404 1949 1543 1979 ruere
1583 1950 1666 1980 vo-

254 2001 463 2063 luntaria
487 2021 496 2049 z
533 2003 754 2066 nihilque
777 2003 834 2047 lit
854 2017 949 2048 tam
970 2002 1218 2061 deforme,
1254 2019 1400 2064 quam
1426 1999 1489 2048 ad
1517 2001 1668 2049 ardua

256 2071 455 2134 imperii
499 2070 754 2134 supercilia
807 2070 952 2117 etiam
995 2070 1310 2116 acerbitatem
1349 2082 1546 2117 naturae
1586 2069 1669 2117 ad-

184 2138 236 2181 13
258 2140 408 2203 iungi.
483 2139 584 2187 Sed
608 2138 883 2187 Heliodoro
908 2139 1148 2185 incertum
1180 2139 1354 2185 morbo
1383 2156 1443 2184 an
1472 2139 1530 2203 ¹⁰)
1552 2142 1678 2203 qua-³

259 2208 372 2256 dam
403 2209 672 2273 excogitata
704 2208 752 2256 vi
794 2223 989 2255 mortuo
1030 2208 1205 2272 (nolim
1239 2206 1429 2268 dicere,
1476 2208 1678 2269 utinam*

256 2295 347 2325 nec
372 2277 475 2344 ipsa
496 2296 570 2326 res
590 2279 927 2344 loqueretu1·!)
956 2278 1101 2324 funus
1131 2276 1232 2324 eius
1262 2294 1349 2340 per
1373 2273 1665 2340 vespillones

257 2348 438 2398 elatum
457 2348 629 2415 pullati
655 2347 946 2414 praecedere
965 2346 1194 2394 honorati
1214 2346 1509 2410 complures,
1537 2345 1665 2393 inter

185 2421 238 2476 14
260 2438 383 2486 quos
404 2434 451 2467 et
473 2421 640 2468 fratres
663 2417 769 2466 iussi
787 2417 896 2466 sunt
913 2415 1202 2464 consulares.
1274 2414 1354 2462 lbi
1373 2428 1488 2461 tunc
1510 2428 1666 2462 recto-

259 2492 322 2538 ris
343 2490 538 2554 imperii
557 2489 709 2536 caries
735 2502 836 2536 tota
865 2485 1139 2534 stoliditatis
1156 2484 1383 2550 &apertius
1414 2482 1479 2530 est
1508 2482 1683 2547 prosa--

256 2573 394 2606 nata:
434 2559 518 2623 qui
541 2577 652 2606 cum
679 2557 918 2605 abstinere
949 2553 1286 2603 inconsolabili
1316 2552 1445 2599 malo
1473 2569 1665 2615 rogare-

261 2643 361 2688 tur,
398 2627 574 2675 obnixe
612 2626 895 2674 inflexibilis
928 2623 1121 2672 mansit:
1158 2637 1214 2671 ut
1244 2620 1492 2671 videretur
1525 2638 1663 2669 aures

303 2792 346 2838 8)
373 2790 439 2825 Ms.
471 2792 634 2828 externis.
698 2794 736 2839 9)
762 2793 812 2827 al.
842 2791 934 2826 nixis
961 2790 1033 2828 ads.
1089 2790 1150 2839 ιο)
1184 2789 1287 2837 vulg.
1321 2785 1465 2834 aliqua..=
