1727 3144
515 174 907 207 iovianus.
982 160 1096 207 565.
1402 161 1500 221 395

95 283 289 348 exigua:
322 283 412 331 hac
433 284 486 350 ¹³)
508 284 718 346 scilicet,
748 283 882 331 velut
911 279 1084 346 suopte
1105 296 1259 343 motu,
1292 285 1368 332 vel
1394 303 1503 335 exo-

95 366 223 399 ratus
249 370 418 400 eorum
441 354 668 417 precibus
693 354 995 417 Imperator,
1040 350 1216 398 eodem
1245 351 1506 415 statureti-

97 422 235 469 nebit
258 422 430 469 urbem
445 459 461 480 ,
499 422 715 470 Orientis
731 418 1058 469 firmiffimum
1078 420 1352 466 claustrum.

193 490 328 537 Dum
352 491 593 556 gestorum
614 490 786 539 seriem
817 489 1001 555 ubique
1028 506 1248 536 rumores
1278 488 1504 538 diffundi-
1530 495 1580 540 15

96 571 200 606 tant
220 560 364 621 varii,
397 560 448 606 in
473 561 689 608 exercitu
714 559 980 623 absumptis
1009 557 1364 605 commeatibus
1395 578 1509 623 pau-

95 627 191 687 cis,
232 646 356 692 quos
378 629 606 677 advectos
627 628 980 694 praediximus,
1010 628 1060 673 in
1080 645 1289 691 corpora
1324 626 1406 675 sua
1430 647 1510 676 ne-

97 695 283 744 cesfitas
303 711 404 745 erat
423 697 637 744 humana
665 696 923 756 vertenda,
954 696 1004 742 ni
1030 696 1363 743 iumentorum
1395 715 1508 745 caro

96 764 346 812 caesorum
389 766 693 830 aliquatenus
730 762 1053 829 perdurasset:
1108 764 1241 811 unde
1283 766 1509 813 effectum

98 834 186 894 est,
219 847 273 880 ut
296 847 343 881 et
365 851 614 881 armorum
642 834 871 898 pleraque
904 833 1262 897 proiicerentur
1291 847 1339 881 et
1369 835 1510 883 sarci-

96 920 284 948 narum.
364 902 504 950 Adeo
535 903 664 950 enim
687 901 849 949 atroci
879 901 1124 949 tabuimus
1154 902 1308 964 fame,
1352 918 1432 960 ut,
1474 904 1510 950 fi

97 989 300 1035 usquam
326 971 522 1019 modius
544 990 670 1019 unus
701 971 884 1019 farinae
915 969 1074 1017 fuiss‘et
1106 986 1324 1035 repertus
1352 973 1512 1037 (quod

98 1058 207 1087 raro
237 1041 529 1106 contigerat)
562 1040 719 1088 aureis
751 1039 923 1087 decem
952 1053 1221 1087 mutaretur
1250 1054 1305 1086 ut
1332 1043 1509 1089 minus.

196 1110 414 1158 Profecti
433 1108 606 1158 exinde
627 1106 943 1172 Thilsaphata
969 1108 1216 1166 venimus,
1253 1109 1342 1156 uhi
1364 1111 1512 1157 Seba-

96 1176 273 1225 stianus
296 1193 441 1243 atque
462 1178 735 1242 Procopius
768 1196 881 1225 cum
910 1178 1118 1223 tribunis
1155 1177 1508 1243 principiisque

99 1246 315 1295 militum
341 1246 432 1294 fibi
461 1247 523 1294 ad
554 1245 785 1294 tuendam
813 1245 1217 1310 Mesopotamiam
1238 1247 1514 1294 commilso-

100 1333 236 1376 rum,
278 1330 334 1363 ut
362 1315 595 1380 poscebat
623 1314 938 1374 sollemnitas,
986 1330 1330 1362 occurrerunt:
1373 1329 1421 1363 et
1444 1315 1515 1363 se-

103 1384 380 1447 quebantur
414 1385 622 1449 benigne
653 1382 877 1450 suscepti.
965 1383 1076 1431 Post
1099 1402 1221 1448 quae
1247 1384 1419 1432 itinere
1446 1385 1513 1433 fe-

101 1452 302 1514 stinato,
349 1453 508 1500 Nifibi
534 1451 714 1518 cupide
749 1451 870 1514 visa,
905 1467 1036 1500 extra
1056 1454 1229 1500 urbem
1251 1454 1415 1501 stativa
1439 1472 1516 1501 ca-

103 1520 193 1568 stra
225 1521 386 1585 posuit
414 1521 673 1586 Princeps:
766 1536 1058 1585 rogatusque
1103 1522 1243 1569 enixe
1289 1537 1518 1586 precante

103 1590 366 1653 multiplici
397 1591 570 1654 plebe,
611 1605 667 1637 ut
699 1590 956 1654 ingressus,
994 1590 1226 1653 palatium
1255 1609 1392 1639 more
1415 1591 1518 1638 suc-

101 1657 299 1706 cederet
330 1658 642 1724 Principum,
682 1659 993 1725 pertinaciter
1016 1659 1277 1706 reluctatus
1306 1660 1387 1720 est,
1412 1678 1518 1707 eru-

104 1725 305 1774 bescens
335 1743 507 1792 agente
539 1728 586 1776 se
607 1728 734 1776 intra
751 1746 942 1788 muros,
973 1729 1148 1774 urbem
1170 1728 1520 1793 inexpugnabi-

104 1796 231 1842 lem
220 1796 353 1843 uatis
374 1795 593 1844 hostibus
620 1799 678 1862 ¹⁴)
702 1796 844 1844 tradi
917 1797 993 1845 Ibi
1021 1811 1137 1844 tunc
1164 1797 1363 1860 vespera
1388 1811 1519 1845 teue-

102 1864 306 1921 hiante,
338 1879 503 1930 raptus
523 1884 549 1912 a
569 1884 688 1913 cena
707 1866 965 1927 Iovianus,
1006 1865 1192 1942 primus
1225 1865 1350 1913 inter
1383 1880 1520 1914 nota-

107 1933 206 1980 rios
228 1950 423 1994 omnes,
462 1953 608 1998 quem
630 1935 755 2000 ¹³)in
786 1933 1041 1981 obfidione
1071 1933 1279 1981 civitatis
1312 1934 1521 1983 Maioza-

109 2003 329 2049 malchae
354 2021 440 2067 per
463 2003 747 2050 cuniculum
768 2002 1026 2050 docuimus
1053 2002 1241 2052 evaliII'e
1266 2022 1378 2051 cum
1400 2004 1520 2064 aliis,

109 2070 383 2136 ductusque
411 2070 473 2119 ad
497 2070 694 2119 devium
723 2072 915 2133 locum,
965 2086 1012 2119 et
1040 2090 1273 2137 praeceps
1302 2086 1434 2118 actus
1471 2073 1521 2117 iu

109 2153 314 2203 puteum
345 2139 548 2202 ficcum,
602 2142 807 2189 obrutus
847 2140 912 2188 est
947 2140 1188 2200 saxorum
1209 2139 1520 2187 multitudine

110 2207 407 2271 superiecta:
436 2208 562 2255 hanc
585 2210 808 2273 profecto
830 2210 896 2256 ob
921 2208 1135 2269 causam,
1166 2207 1302 2272 quod
1326 2208 1518 2255 Iuliano

110 2290 394 2340 perempto,
442 2276 544 2341 ipse
573 2295 770 2341 quoque
803 2279 1080 2326 nominatus
1114 2295 1140 2322 a
1169 2276 1334 2340 paucis
1359 2290 1413 2322 ut
1434 2277 1522 2322 im-

112 2345 255 2409 perio
276 2345 474 2409 dignus,
511 2363 602 2393 nec
627 2345 734 2410 post
755 2361 968 2395 creatum
1001 2346 1256 2393 Iovianum
1296 2345 1392 2408 egit
1419 2362 1523 2391 1110-

118 2414 274 2461 deste:
308 2413 392 2461 sed
412 2413 656 2461 susurrans
687 2413 830 2479 super
864 2415 1060 2479 negotio
1092 2413 1329 2477 quaedam
1359 2412 1523 2460 audie·

116 2482 287 2546 batur,
321 2483 656 2549 invitabatque
681 2482 743 2531 ad
767 2485 991 2534 convivia
1011 2480 1214 2530 subinde
1239 2481 1492 2531 Militares,

124 2638 214 2648 ..-

129 2740 237 2825 Ὶρὶῗὶ)
270 2741 341 2776 ΜΓ.
377 2741 513 2779 scilicet
544 2741 642 2778 velut
671 2742 809 2790 suopte.
868 2743 925 2787 tl.)
953 2743 1004 2775 nl.
1028 2741 1147 2777 tradit.
1208 2747 1262 2786 15)
1287 2741 1392 2789 vulgo
1418 2743 1462 2780 τι)
1490 2749 1528 2778 in

1536 1117 1588 1160 16

1540 1408 1590 1450 ¹7
