1727 3144
140 138 266 170 vat.
313 138 613 170 GRATIAN.
650 139 732 169 ΕΤ.
763 139 1021 171 VALENT.
1060 140 1106 171 2.
1178 127 1294 188 578.
1374 129 1469 190 607

166 246 352 296 Obseffi
370 264 486 296 vero
519 247 652 314 apud
682 248 1119 314 Hadrianopolim,
1162 252 1270 316 post
1300 268 1509 301 eorumz

61 316 106 382 ²)
125 318 340 376 abitum,
393 335 506 364 cum
545 335 716 365 vacare
756 318 891 367 hoste
935 320 1044 367 loca
1086 322 1302 384 proxima
1337 341 1471 368 com-

65 400 231 451 pertae
255 385 373 433 fidei
403 385 692 434 nuntiaffeut
724 389 1073 452 exploratores:
1116 389 1277 452 egressi
1310 391 1471 439 media

67 471 211 503 nocte
229 492 242 516 ,
281 455 440 502 vitatis
469 456 724 520 aggeribus
756 458 990 521 publicis,
1030 476 1113 522 per
1141 457 1397 506 nemorosa
1426 473 1474 507 et

67 523 240 586 devia,
286 542 394 588 pars
423 523 846 589 Philippopolim,
897 526 1167 591 exindeque
1201 529 1472 589 Serdicam,

65 593 147 640 alii
187 592 250 640 ad
294 593 328 657 ³)
360 593 731 655 Macedoniam,
798 613 910 641 cum
948 596 1242 642 intemeratis
1277 597 1473 660 opibus,

64 680 184 726 quas
223 662 496 719 habebant,
530 664 664 709 omni
684 661 842 709 studio
865 662 928 709 ad
951 664 1312 726 properandum
1333 683 1473 713 exco-

63 731 215 794 gitato
237 732 514 789 currebant,
548 731 680 776 velut
701 733 751 775 in
774 731 1052 792 regionibus
1071 733 1165 778 illis
1181 733 1468 795 reperiendo

62 800 267 846 Valente
286 818 295 845 :
328 817 474 861 quem
484 798 609 843 inter
620 798 808 844 medios
820 799 1140 845 certaminum
1155 801 1370 847 turbines
1383 819 1471 864 op-

61 866 274 931 petiiss'e,
307 865 384 912 vel
400 879 530 912 certe
549 864 609 911 ad
629 865 877 928 tugurium
895 866 1160 928 confugilse
1183 868 1289 932 (ubi
1317 870 1471 916 existi-

61 949 218 983 matus
241 934 306 982 est
324 934 372 981 vi
395 933 583 997 periiffe
608 936 933 999 flammarum)
958 936 1145 998 penitus
1163 936 1466 999 ignorabant.

168 1005 238 1051 At
266 1002 422 1050 Gothi
453 1001 664 1048 Huuuis
702 1003 971 1068 Alanisque
1010 1005 1222 1068 permisti
1262 1006 1512 1059 nimiumS

61 1072 302 1120 bellicolis
326 1085 373 1120 et
392 1071 628 1131 fortibus,
670 1089 929 1149 ieiumque
963 1072 1235 1136 aspeiaruin
1266 1074 1470 1122 difficul-

60 1142 242 1188 tatibus
263 1139 526 1196 induratis,
562 1107 685 1204 qiios
710 1140 845 1188 miris
866 1143 1195 1205 piaemiorum
1225 1144 1468 1192 illecebris

60 1210 153 1257 libi
182 1210 386 1258 sociarat
417 1207 629 1256 sollertia
663 1209 950 1274 Fritigerni:
997 1212 1104 1258 fixis
1140 1211 1271 1259 iuxta
1302 1212 1469 1260 Perin·

62 1278 204 1327 thum
226 1278 390 1326 castris
405 1315 418 1339 ,
450 1277 604 1342 ipsam
635 1277 837 1343 quidem
857 1280 1030 1327 urbem
1051 1281 1264 1327 cladium
1286 1299 1470 1330 memo-

62 1365 137 1396 res
165 1348 472 1413 pristinarum
505 1365 594 1394 nec
634 1346 794 1408 adire,
844 1366 932 1396 nec
975 1363 1158 1397 tentare
1197 1349 1306 1397 funt
1345 1350 1466 1398 anfi:

61 1435 201 1481 agros
232 1433 349 1465 vero
379 1415 562 1464 fertiles
588 1417 685 1463 late
718 1416 953 1465 distentos
975 1432 1020 1465 et
1041 1418 1210 1482 longe,
1243 1418 1305 1465 ad
1328 1421 1366 1484 ⁴)
1390 1437 1466 1466 ex-

60 1499 267 1534 tremam
298 1485 539 1534 vassavere
577 1486 859 1549 penuriam,
902 1488 1172 1535 cultoribus
1203 1487 1348 1535 caefis
1387 1502 1469 1535 aut

60 1556 231 1619 captis.
303 1553 449 1601 Unde
471 1555 958 1620 Constantinopolim,
990 1557 1242 1620 copiarum
1260 1558 1513 1622 cumulis4

58 1623 303 1671 inhiantes
337 1622 659 1687 ampliffimis,
710 1625 890 1673 formas
930 1625 1277 1691 quadratorum
1321 1627 1469 1690 agmi-

57 1708 176 1740 num
207 1692 489 1740 infidiarum
522 1706 655 1740 metu
689 1691 961 1755 servantes,
1003 1696 1073 1742 ire
1111 1695 1246 1742 ocius
1279 1696 1466 1741 festina-

57 1761 193 1822 bant,
217 1763 367 1809 multa
385 1761 435 1808 in
458 1761 663 1810 exitium
682 1764 816 1810 urbis
837 1764 1030 1810 inclitae
1054 1764 1288 1811 molituri.
1326 1764 1466 1820 Quos

56 1830 319 1879 inferentes
340 1829 438 1878 sese
458 1830 748 1893 immodice,
783 1834 1045 1898 obicesque
1074 1847 1324 1897 portarum
1357 1849 1467 1896 pae-

57 1917 119 1947 ne
140 1900 405 1964 pull'autes,
441 1899 538 1947 hoc
558 1900 669 1948 casu
691 1902 888 1950 caeleste
911 1902 1089 1966 repulit
1115 1919 1312 1948 numen.
1383 1902 1510 1953 Sa-5

59 1987 348 2016 racenorum
369 1987 552 2016 cuneus
575 1968 737 2034 (supet
768 1987 980 2034 quorum
1010 1969 1197 2033 origine
1227 1968 1468 2015 moribus-

59 2055 155 2102 que
176 2037 313 2085 dlvel
315 2037 406 2084 hs
395 2055 446 2084 in
464 2037 588 2085 locis
610 2039 861 2085 retulimus
878 2039 1036 2102 plura)
1065 2038 1126 2085 ad
1160 2036 1332 2083 sortem
1365 2056 1465 2084 ma-

59 2106 129 2170 gis
149 2105 581 2170 expeditionalium
603 2125 964 2171 rerum,qua1n
992 2105 1055 2153 ad
1081 2104 1463 2153 concunsatmias

57 2174 237 2222 habilis
269 2192 477 2238 pugnas,
520 2192 684 2223 recens
724 2175 840 2223 illuc
870 2175 1150 2236 aceenfflus,
1191 2173 1465 2238 congreffu-

59 2262 140 2290 rus
161 2244 482 2291 barbarorum
504 2243 653 2307 globo
677 2258 874 2309 repente
893 2243 1182 2308 conspecto,
1217 2261 1241 2290 a
1261 2243 1458 2291 civitate

57 2311 266 2361 fidenter
288 2313 472 2377 erupit:
504 2311 687 2378 diuque
707 2328 900 2362 extento
921 2312 1183 2361 certamine
1204 2311 1457 2376 pertinaci,

59 2383 225 2447 aequis
247 2397 407 2447 partes
429 2380 681 2431 discessere
704 2383 980 2432 momentis.
1060 2380 1162 2429 Sed
1196 2380 1459 2428 Orientalis
1477 2388 1506 2431 6

57 2463 216 2498 turma
250 2469 380 2499 novo
413 2468 570 2516 neque
602 2466 711 2500 ante
742 2452 842 2501 viso
871 2451 1107 2516 superavit
1129 2464 1318 2498 eventu.
1388 2449 1461 2497 Ex

61 2537 115 2566 ea
145 2521 276 2570 enim
303 2521 504 2569 crinitus
532 2521 731 2585 quidam
748 2558 760 2582 ,
795 2519 953 2569 nudus
982 2520 1142 2569 omnia
1161 2532 1352 2584 praeter
1373 2537 1459 2584 pu-

59 2589 198 2650 bem,
237 2589 531 2637 subraucum
563 2604 610 2637 et
637 2591 843 2654 lugubre
875 2591 1110 2654 strepens,
1162 2588 1339 2636 educto
1374 2606 1459 2652 pu-

59 2657 201 2722 gione
224 2660 403 2724 agmini
423 2657 470 2705 se
493 2659 655 2706 medio
680 2660 957 2707 Gothorum
987 2658 1212 2717 inseruit,
1245 2670 1292 2704 ct
1314 2658 1460 2702 inter-

100 2771 145 2816 2)
167 2771 233 2806 Ms.
257 2782 290 2806 et
308 2773 432 2825 Sceph.
446 2771 582 2808 abitum
603 2771 745 2820 perdito
768 2785 860 2806 curn.
914 2774 956 2819 3)
983 2771 1046 2808 Ms.
1077 2770 1159 2804 Μαι.
1152 2769 1333 2805 edoniam
1360 2781 1451 2803 cuin.

56 2818 93 2861 4)
113 2816 181 2851 Ml.
203 2830 402 2866 penuriam.
454 2819 501 2856 ”.σ
530 2830 720 2855 extremam
746 2816 920 2852 vastavere
945 2818 1146 2865 penuriam.
