1727 3144
230 162 293 208 60
436 175 704 209 Animam
737 175 1130 215 MARcELVLim
1163 177 1258 219 xv,
1289 164 1336 210 6.
1357 180 1407 227 7.

224 285 346 346 bus,
376 298 431 332 ut
454 299 769 350 praeceptum
802 284 894 349 est,
932 284 1168 334 Proculus
1196 285 1484 335 admovetur
1516 305 1626 338 ecu-

222 354 348 417 leo,
372 354 559 402 Silvani
591 354 908 415 domesticus,
949 354 1103 401 homo
1131 356 1321 419 gracilis
1353 370 1400 404 et
1428 358 1625 404 morbo-

222 421 326 484 suS,
365 423 693 470 metuentibus
726 423 942 483 cunctis,
981 441 1041 470 ne
1078 423 1127 471 vi
1169 424 1316 471 nimia
1355 439 1626 473 tormento-

222 510 332 539 rum
355 491 452 539 levi
470 509 678 569 corpore
697 491 923 556 fatigato,
962 509 1070 540 reos
1091 493 1330 541 atrocium
1363 494 1625 541 criminum

219 559 474 625 perspicue
494 560 633 608 citaxi
656 561 838 609 faceret
856 560 1064 609 multos:
1093 579 1262 610 verum
1286 576 1455 610 eontra
1477 581 1626 629 quam

181 628 464 694 asperatum
490 629 556 677 est
584 630 805 693 contigit.
890 629 1087 678 Memor
1119 632 1248 678 enim
1278 629 1485 692 somnii,
1524 648 1625 696 quo

219 699 400 747 vetitus
433 712 535 746 erat
561 716 649 763 per
679 698 919 764 quietem,
960 713 1015 746 ut
1046 698 1148 764 ipse
1169 701 1406 761 firmavit,
1436 699 1627 765 pulsare

222 785 519 833 quemquam
569 767 842 830 insontem,
889 785 1045 833 usque
1098 767 1161 816 ad
1197 769 1411 816 confinia
1454 769 1626 815 mortis

171 865 174 868 -
222 850 450 898 vexatus,
503 854 592 883 nec
635 836 931 898 nominavit,
985 854 1076 885 nee
1121 835 1344 901 prodidit
1381 838 1628 902 aliquem:-

165 909 169 914 ’
219 904 307 953 sed
334 903 585 952 adferebat
614 905 796 954 factum
837 904 1024 953 Silvani
1063 906 1360 965 constanter,
1411 905 1475 964 id,
1512 923 1626 953 eum

219 972 470 1038 cogitasse,
506 973 642 1038 quod
672 973 813 1037 iniit,
854 991 954 1022 non
986 973 1280 1038 cupiditate,
1316 973 1403 1022 fed
1433 973 1633 1022 neceffi-

217 1056 316 1090 tate
339 1040 669 1106 compulsum,
713 1058 998 1108 argumento
1031 1042 1246 1091 evidenti
1277 1042 1624 1090 demonstrans.

184 1110 425 1161 5Causa1n
448 1113 577 1159 enim
606 1113 914 1177 probabilem
943 1112 1158 1178 ponebat
1187 1112 1240 1160 in
1269 1111 1463 1173 medio,
1503 1111 1629 1159 mul-

219 1194 383 1228 torum
412 1180 698 1229 testimoniis
730 1184 937 1243 claram,
984 1180 1122 1247 quod
1151 1180 1233 1229 die
1269 1181 1468 1245 quinto,
1496 1193 1628 1228 ante-

220 1267 367 1314 quam
396 1248 573 1296 infulas
606 1249 870 1314 susciperet
904 1250 1204 1314 principatus
1222 1286 1235 1309 ‚
1284 1249 1520 1295 donatum
1548 1247 1626 1296 sti-

215 1316 402 1382 pendio
441 1317 647 1365 militem
681 1319 949 1367 Constantii
980 1317 1181 1364 nomine
1212 1314 1508 1381 adloquutus
1541 1317 1625 1377 est,

216 1387 360 1434 sortis
402 1386 514 1434 esset
541 1400 589 1433 et
617 1385 764 1434 fidus.
853 1385 993 1434 Unde
1030 1384 1320 1449 adparebat,
1375 1384 1535 1449 quod,
1585 1385 1626 1431 fi

215 1454 523 1520 praesumere
553 1456 779 1504 fortunae
809 1453 1072 1519 superioris
1104 1453 1306 1517 infignia
1346 1468 1623 1510 conaretur,

181 1525 325 1580 4auri
346 1538 442 1571 tam
465 1541 606 1587 grave
631 1525 668 1588 ³)
694 1522 886 1588 pondus
904 1523 1161 1587 largiretur
1190 1537 1246 1570 ut
1274 1521 1429 1569 suum.
1509 1523 1624 1572 Post

215 1593 350 1640 hunc
379 1592 716 1638 damnatorum
740 1591 867 1638 sorte
897 1591 1189 1638 Poemenius
1217 1605 1390 1654 *raptus
1421 1590 1483 1639 ad
1515 1591 1625 1655 sup-

215 1660 421 1726 plicium
440 1659 649 1706 interiit:
683 1659 768 1723 qui
787 1659 861 1722 (ut
885 1657 1027 1723 supra
1053 1658 1327 1723 retulimus)
1355 1677 1469 1707 cum
1503 1660 1624 1708 Tre·

216 1729 321 1776 veri
351 1728 596 1775 civitatem
627 1726 817 1775 Caesari
843 1726 1111 1775 claufiffent
1134 1727 1400 1790 Decenno,
1441 1728 1505 1775 ad
1543 1727 1628 1777 den

214 1795 514 1846 fendendam
542 1797 740 1860 plebem
775 1796 954 1843 electus
987 1796 1066 1843 est.
1148 1794 1281 1843 Tum
1307 1793 1624 1860 Asclepiodo-

216 1879 321 1926 tus,
355 1879 402 1912 et
434 1865 590 1925 Luto,
630 1879 677 1912 et
705 1863 911 1912 Maudio
943 1863 1160 1914 Comites
1179 1863 1460 1929 interempti
1492 1864 1620 1926 sunt,

217 1935 399 1998 aliique
424 1935 619 1999 plure5‚
657 1934 778 1980 haec
819 1947 867 1981 et
906 1933 1079 1982 fimilia
1116 1933 1345 1998 perplexe
1385 1934 1619 1999 temporis

220 2002 544 2051 obstinatione
563 2001 819 2049 scrutante.

182 2093 203 2121 1
313 2071 430 2118 VII.
477 2071 611 2117 Dum
650 2071 734 2118 has
780 2068 1038 2117 exitiorum
1077 2070 1414 2118 communium
1454 2068 1618 2118 clades

212 2137 411 2187 suscitat
439 2139 586 2185 turbo
626 2138 816 2199 feralis,
873 2139 1048 2185 urbem
1095 2152 1340 2186 aeternam
1380 2138 1618 2187 Leontius

213 2225 411 2271 regens,
460 2207 612 2254 multa
646 2205 848 2271 spectati
882 2205 1059 2254 iudicis
1095 2206 1388 2255 documenta
1416 2210 1450 2273 ⁸)
1484 2225 1620 2272 prae-

211 2276 392 2338 bebat,
433 2276 485 2322 in
515 2274 761 2323 audiendo
791 2276 941 2335 celer,
987 2274 1040 2321 in
1081 2274 1399 2340 disceptando
1433 2275 1618 2324 iustini-

212 2363 350 2405 mus,
384 2358 554 2392 natura
576 2344 867 2405 benevolus,
896 2343 1013 2391 licet
1034 2344 1333 2391 auctoritatis
1361 2344 1496 2391 causa
1523 2343 1618 2391 ser-

215 2413 402 2461 vandae
445 2430 554 2462 acer
591 2412 885 2478 quibusdam
923 2412 1202 2474 videbatur,
1249 2427 1297 2459 et
1337 2413 1616 2459 inclinatior

177 2481 277 2527 2ad
312 2481 587 2530 amandum.
669 2480 831 2529 Prima
869 2481 1016 2544 igitur
1047 2480 1088 2547 ²)
1119 2480 1259 2529 causa
1293 2479 1543 2528 seditionis
1564 2481 1614 2526 in

217 2567 331 2596 eum
362 2548 680 2597 concitandae
713 2549 931 2598 viliffima
965 2550 1059 2597 fuit
1095 2565 1141 2598 et
1170 2550 1308 2599 levis.
1387 2548 1616 2597 Philoro—

216 2635 352 2664 mum
375 2619 505 2666 cnim
525 2619 741 2683 aurigam
760 2619 862 2683 rapi
882 2633 1221 2684 praeceptum,
1255 2616 1457 2684 sequuta
1476 2614 1615 2682 plebs

262 2781 301 2828 5)
327 2779 396 2816 Ms-
425 2780 566 2829 pondus
588 2782 733 2830 giretnr.
790 2783 824 2830 ι)
850 2782 1108 2831 praecipiebat,
1175 2784 1213 2831 2)
1236 2781 1304 2818 ΜΓ.
1333 2790 1392 2817 ¹aut
1419 2779 1627 2828 seditionis.-
