1727 3144
498 155 962 189 οοΝὸΤΑΝΤῙΠε.
1034 143 1150 190 554.
1476 150 1537 194 45

1255 213 1277 232 O

134 269 226 316 bus
246 266 312 314 ita
334 257 633 330 compositis,
662 285 775 314 eum
796 265 858 314 ad
876 265 974 313 hoe
994 266 1217 314 destinati
1236 269 1538 332 praedictum

134 351 327 401 tempus
351 335 719 400 opperirentur,
755 335 957 384 confilio
979 335 1028 382 in
1049 335 1374 385 lenitudinem
1397 341 1540 402 flexo,

130 405 319 453 facinus
341 405 548 468 impium
573 405 636 452 ad
658 404 1061 453 deliberationem
1088 404 1352 454 secundam
1381 408 1543 456 differ-

131 474 173 522 ri
191 489 507 539 praeceptum
530 474 609 521 est.
1477 524 1491 536 υ

234 543 458 609 Indeque
493 542 555 590 ad
589 541 835 597 Iulianum
865 557 1033 590 reeens
1077 543 1373 608 perductum
1413 545 1582 603 calu-7

128 612 373 660 mniarum
412 613 617 660 vertitur
654 611 907 668 maehina,
969 613 1343 660 memorabilem
1378 614 1541 676 postea

128 682 428 745 principem,
471 680 666 744 gemino
698 679 932 739 crimine,
976 695 1032 728 ut
1062 682 1293 747 iniquitas
1327 682 1542 729 aestima.

125 752 237 810 bat,
280 749 604 814 implicitum:
651 748 787 814 quod
819 767 844 795 a
877 750 1073 799 Macelli
1102 751 1258 799 fundo
1280 752 1332 797 in
1355 752 1541 816 Cappa-

128 817 271 866 docia
300 817 502 883 pofit‘o,v
531 817 594 866 ad
624 817 789 865 Afiam
830 817 1125 883 demigrarat
1156 820 1436 868 liberalium
1460 821 1542 868 de·-

124 887 304 935 Iiderio
326 887 679 948 doctrinarum,
715 901 762 935 et
781 888 869 952 per
892 888 1368 954 Constantinopolim
1388 904 1541 937 trans-

32 1019 38 1028 ι
71 1021 77 1026 .
125 971 322 1004 euntem
351 956 541 1005 viderat
573 958 788 1005 fratrem.
872 957 973 1014 Qui
1003 977 1114 1006 eum
1145 959 1358 1011 obiecta.
1383 957 1537 1006 dilue-
1552 971 1579 1013 8

121 1040 225 1084 ret,
269 1026 646 1092 ostenderetque
676 1040 906 1074 neutrum
936 1025 1036 1075 fine
1064 1027 1209 1092 iuss'u‘·
1230 1026 1424 1089 feeiss'e‚
1458 1046 1536 1075 ne-

67 1102 69 1105 '
122 1095 275 1143 fando
301 1094 662 1144 adsentatorum
681 1109 827 1143 coetu
849 1096 1043 1160 perilset
1062 1111 1282 1158 urgente,
1318 1097 1370 1143 ni
1385 1095 1540 1161 adspi-

122 1164 312 1213 ratione
333 1164 527 1230 superni
545 1165 758 1212 numinis
773 1202 786 1226 ,
813 1164 1021 1213 Eusebia
1045 1165 1334 1230 suffragante
1356 1167 1538 1229 regina,

126 1231 301 1281 ductus
336 1233 398 1280 ad
435 1235 647 1282 Comum
685 1233 925 1298 oppidum
966 1234 1256 1282 Mediolano
1303 1235 1535 1295 vicinum,

124 1301 295 1365 ibique
337 1302 583 1366 paulisper
612 1316 854 1362 moratus,
922 1303 956 1363 ⁵)
1006 1301 1313 1365 procudendi
1352 1303 1536 1367 ingenii

125 1368 293 1431 eausa,
338 1384 394 1416 ut
419 1369 652 1434 cupidine
680 1371 901 1432 flagravit
920 1407 931 1427 ,
968 1370 1029 1416 ad
1049 1372 1304 1418 Graeciam
1327 1373 1399 1419 ire
1430 1389 1538 1435 per-

125 1439 290 1487 miss'us
321 1437 448 1486 ess'et.
528 1438 634 1486 Nee
665 1436 863 1485 defuere
906 1438 1135 1504 deinceps
1165 1458 1225 1487 ex
1266 1440 1343 1487 his
1385 1459 1576 1500 emer-9

125 1509 287 1572 gentia
318 1507 532 1568 casibus,
576 1524 700 1571 quae
737 1505 777 1570 ⁶)
810 1506 1070 1571 dispiceres
1101 1508 1325 1556 secundis
1367 1510 1536 1584 avibus

125 1575 402 1641 contigisse,
453 1575 570 1622 dum
594 1573 890 1639 *punirentur
922 1593 978 1621 ex
1007 1577 1138 1636 iure,
1179 1578 1257 1623 vel
1275 1591 1538 1642 ,tamquam

121 1646 260 1693 irrita
282 1645 569 1692 diffluebant
589 1657 635 1690 et
666 1661 803 1691 vana.
886 1643 987 1691 Sed
1014 1644 1268 1692 accidebat
1297 1664 1540 1693 nonnum-

126 1734 302 1779 quam,
352 1728 408 1777 ut
447 1712 670 1778 opulenti
707 1708 949 1776 pulsantes
992 1713 1227 1777 praefidia
1266 1715 1535 1778 potiorum,

123 1783 398 1848 iisdemque
420 1797 676 1847 tamquam,
704 1781 878 1829 ederae
907 1782 1041 1839 cellis
1072 1783 1331 1844 arboribus
1361 1784 1538 1832 adhae-

122 1867 313 1910 rentes,
341 1851 698 1899 absolutionem
720 1850 886 1914 pretiis
911 1866 1243 1900 mercarentur
1263 1853 1534 1901 immensis:

123 1935 293 1969 tenues
322 1939 468 1982 vero,
511 1921 689 1986 quibus
729 1920 931 1984 exiguae
965 1921 1090 1968 vires
1127 1936 1263 1968 erant
1310 1922 1371 1968 ad
1406 1922 1534 1970 redi-

124 1989 353 2038 mendam
377 1989 574 2038 salutem
594 2003 675 2036 aut
697 1989 882 2049 nullae,
922 1988 1279 2037 damnabantur
1307 1992 1530 2055 abrupte.

124 2059 346 2124 Ideoque
373 2073 421 2107 et
438 2059 614 2107 veritas
643 2057 912 2106 mendaciis
945 2060 1219 2121 velabatur,
1261 2074 1310 2107 et
1338 2061 1536 2108 valuere

125 2146 218 2194 pro
240 2128 365 2176 veris
387 2127 647 2194 aliquoties
670 2125 802 2174 falfa.
1434 2173 1437 2176 ,

224 2196 496 2251 Ρεεάιιοιηε
528 2198 593 2244 est
617 2197 791 2244 iisdem
823 2194 995 2242 diebus
1026 2209 1073 2243 et
1108 2197 1415 2260 Gorgonius,
1448 2197 1527 2243 eui
1549 2211 1600 2238 υ)

125 2281 228 2313 erat
267 2267 469 2313 thalami
516 2265 790 2313 Caesariani
833 2283 948 2312 eura
990 2266 1267 2313 commiss'a:
1320 2284 1530 2328 cunique

126 2354 238 2382 eum
267 2335 492 2383 ausorum
524 2335 661 2382 fuiffe
690 2334 980 2398 participem
1019 2335 1420 2397 concitoremque
1459 2334 1531 2381 in-

125 2405 348 2461 terdum,
392 2422 453 2452 ex
481 2403 694 2451 eonfeffo
728 2417 935 2467 pateret,
978 2403 1337 2468 conspiratione
1360 2402 1532 2467 spado-

127 2492 260 2534 num,
282 2473 458 2520 iustitia
487 2473 790 2521 concinnatis
814 2472 1082 2534 mendaciis
1109 2473 1418 2535 obumbrata,
1450 2490 1531 2537 pe·

125 2542 284 2606 'ric‘ulo
307 2543 529 2590 evolutus
556 2540 788 2590 abscessit.

667 2691 690 2699 -ι

175 2778 215 2823 5)
243 2776 311 2812 Ml.
341 2791 407 2826 pro
437 2773 616 2813 candenti.
670 2779 716 2826 6)
744 2778 795 2813 al.
829 2790 920 2826 quae
948 2775 1169 2825 displiceres.
