1727 3144
169 192 262 235 292
375 185 649 220 AMMtANl
690 184 1078 216 MARCELIANI
1119 186 1250 231 xxn,
1289 187 1365 217 10.
1410 187 1488 217 11.

173 298 446 348 abhorrens
471 315 498 343 a
521 295 803 360 propolim,
836 312 926 342 nec
945 293 1225 342 absurdum.
1297 295 1508 345 Inducta
1534 297 1589 345 in

174 366 412 416 iudicium
447 365 632 413 femina
664 362 927 428 quaedam,
971 382 1086 411 cum
1116 365 1381 429 palatinum
1421 368 1589 416 adver-

177 436 356 485 sarium
374 433 512 482 suum
538 453 562 482 o
584 452 788 482 numero
820 433 1181 499 proiectorum,
1212 435 1428 482 cinctum
1453 454 1591 500 prae-

181 521 255 554 ter
283 504 418 568 spem
450 501 794 568 conspexisset,
837 503 935 550 hoc
963 502 1150 550 factum
1178 503 1391 551 insolens
1414 506 1594 553 tumul-

182 571 368 622 tuando
396 574 719 638 querebatur:
757 588 804 619 et
834 572 1126 636 imperator,
1163 575 1482 637 Prqseqzcere,
1510 576 1594 635 ait,

188 644 387 700 mulier,
442 663 459 690 ι
494 644 613 706 quid
642 651 686 688 te
728 644 912 706 laesam
940 643 1213 703 existimas:
1258 644 1337 689 lzic
1370 646 1503 690 enim
1516 646 1596 704 stc

186 716 363 760 cinctus
386 712 453 772 est
462 747 479 769 ,
525 721 575 758 at
593 714 862 775 expeditius
878 730 974 774 per
996 714 1146 759 lutum
1167 713 1386 761 incedat:
1411 727 1465 760 at
1485 717 1614 777 pa··'

187 799 300 828 rum
333 798 503 828 nocere
523 783 616 827 tuis
628 782 855 843 partibas
871 783 1038 844 potest.

145 855 172 894 6
290 849 353 896 Et
383 849 721 897 aestimabatur
759 869 842 915 per
876 850 996 897 haec
1018 863 1066 896 et
1095 847 1266 896 fimilia
1286 887 1297 909 ,
1327 862 1382 895 ut
1405 846 1506 913 ipse
1532 847 1602 895 di·

190 919 334 966 cebat
358 917 555 965 adlidue
567 954 584 976 ‚
619 933 756 965 vetus
776 920 858 965 illa
883 918 1080 978 iustitia,
1113 935 1259 982 quam
1283 917 1513 965 offensam
1534 917 1602 964 vi-

193 987 272 1034 tiis
304 987 562 1034 hominum
592 985 769 1033 Aratus
797 987 986 1034 extollit
1011 987 1062 1032 in
1084 987 1298 1047 caelum,
1330 987 1603 1050 imperante

195 1073 254 1103 eo
293 1054 479 1102 reversa
508 1053 570 1101 ad
606 1054 778 1115 terras,
813 1056 865 1100 ni
897 1055 1137 1118 quaedam
1160 1055 1245 1103 l'uo
1278 1069 1465 1119 ageret,
1500 1073 1603 1103 non
1654 1050 1659 1055 ”

192 1124 359 1187 legum
403 1122 632 1182 arbitrio,
687 1140 949 1186 erransque
993 1122 1248 1187 aliquoties
1293 1124 1604 1179 obnubilaret

149 1192 463 1268 7gloriarum
503 1191 801 1254 multiplices
842 1190 1022 1237 cursus
1128 1190 1241 1238 Post
1276 1194 1426 1240 multa
1475 1194 1605 1240 enim

198 1260 345 1307 etiam
376 1259 481 1305 ima
508 1261 746 1322 quaedam
776 1260 988 1307 conexit
1014 1259 1065 1305 in
1094 1259 1293 1321 melius,
1323 1262 1607 1325 ambagibus

197 1326 518 1389 ciicumcifis,
557 1327 823 1376 indicantia
851 1327 1067 1392 liquide,
1106 1328 1229 1393 quid
1254 1329 1482 1378 iubeient
1497 1330 1607 1378 fieri

197 1398 275 1444 vel
304 1410 537 1445 vetarent.
620 1397 655 1462 ³)
688 1396 820 1445 [llud
848 1411 1008 1445 autem
1042 1411 1144 1445 erat
1181 1388 1609 1460 inclemens,³0h-

199 1465 444 1513 ruendum
484 1467 690 1530 perenni
729 1465 945 1528 lilentio,
1021 1464 1158 1532 quo-d
1192 1468 1386 1515 arcebat
1429 1468 1608 1516 docere

198 1534 450 1598 magistros
493 1534 767 1583 rhetoricos
809 1550 857 1583 et
901 1536 1268 1600 grammaticos,
1319 1537 1438 1584 ritus
1481 1538 1610 1586 chri-

201 1603 339 1650 stiani
362 1603 591 1650 cultores.

158 1702 176 1727 1
305 1672 398 1718 XI.
432 1671 611 1719 Iisdem
672 1670 845 1718 diebus
886 1671 1204 1724 Gaudentius
1245 1673 1328 1721 ille
1376 1673 1610 1735 notarius,

205 1757 353 1804 quem
373 1738 726 1803 opponendum
745 1757 832 1803 per
850 1740 1072 1788 Africam
1096 1741 1287 1788 milsum
1317 1741 1461 1807 supra
1492 1742 1613 1792 dixi-

204 1826 312 1854 nius
345 1826 371 1854 a
406 1808 716 1869 (3011Ρεε111110-7
761 1809 978 1857 Iulianus
1012 1811 1280 1876 quinetiam
1318 1829 1376 1859 ex
1415 1812 1612 1873 vicario,

205 1874 488 1923 earumdem
519 1878 732 1939 partium
758 1877 938 1925 nimius
960 1879 1148 1936 fautor,
1183 1881 1377 1927 ietiacti
1401 1879 1489 1927 sub
1515 1882 1614 1927 viu-

160 1961 189 1990 2
207 1945 356 2004 culis,
389 1958 547 1991 moite
565 1945 751 2007 peiiere
777 1947 983 2007 poenali.
1065 1948 1206 1994 Tunc
1239 1963 1287 1995 et
1306 1951 1340 2012 ¹)
1364 1949 1614 1996 Artemius

207 2032 263 2060 ex
289 2013 413 2060 duce
433 2012 668 2077 Aegypti,
699 2013 1042 2060 Alexandrinis
1066 2016 1350 2078 urgentibus
1372 2018 1610 2063 atrocium

207 2081 469 2129 criminum
513 2081 666 2140 mole,
746 2079 985 2145 supplicio
1026 2085 1222 2147 capitali
1261 2086 1491 2132 multatus
1530 2088 1609 2133 esi.

205 2149 322 2196 Post
339 2167 485 2214 quem
508 2149 730 2196 Mmcelli
754 2167 810 2196 ex
830 2169 890 2196 m
882 2170 937 2213 ιψ
912 2151 1054 2213 ‚ginno
1076 2154 1294 2217 equitum
1323 2168 1370 2200 et
1391 2154 1612 2218 peditum

207 2218 364 2276 filius,
410 2231 466 2264 ut
504 2217 738 2266 iniectans
774 2218 981 2282 inipeiio
1013 2239 1208 2283 manus,
1253 2224 1452 2285 publica
1485 2223 1617 2272 dele-

213 2301 286 2333 tus
309 2288 375 2333 el't
399 2300 571 2333 morte.
651 2286 897 2334 Romanus
928 2289 1195 2353 quinetiam
1225 2305 1273 2338 et
1306 2293 1613 2352 Vincentius,

208 2354 527 2402 loutariorum
567 2354 758 2403 scholae
804 2358 988 2420 primae
1031 2356 1368 2425 secundaeque
1410 2361 1613 2422 tribuni,

192 2424 399 2487 'agitalle
420 2423 635 2471 convicti
666 2427 904 2490 quaedam
933 2425 1028 2474 luis
1062 2428 1246 2476 viribus
1276 2430 1475 2491 altiora,
1518 2432 1608 2478 acti

209 2490 349 2539 l'unt
337 2510 387 2538 111
408 2493 638 2540 exlilium.
1051 2512 1053 2514 ·

168 2568 196 2611 5
315 2562 538 2624 Cumque
560 2575 750 2625 teinpus
780 2562 1099 2612 interltetillet
1120 2566 1371 2628 exiguum,
1408 2566 1616 2615 Alexan-

217 2626 345 2674 diini
366 2629 575 2676 Aitemii
600 2645 852 2695 comperto
874 2633 1096 2696 interitu,
1133 2653 1279 2700 quem
1307 2637 1613 2696 velebanuu,

254 2790 295 2836 3]
324 2790 390 2824 Mt.
419 2791 513 2825 Illud
542 2804 659 2827 autem
683 2806 758 2830 erat
788 2793 930 2830 inclem.
985 2796 1022 2842 ι)
1049 2794 1117 2830 Ml'.
1148 2795 1336 2866 A'xtemins,
