1727 3144
174 153 272 198 516
371 166 1082 199 Amn11AN11MAVRcELL1N1
1125 165 1268 210 xxui,
1308 152 1354 196 5.
1396 155 1436 198 si.

172 276 366 324 abunde
406 277 614 324 ferentes
657 290 705 324 et
736 276 830 322 tela
862 289 909 323 et
939 274 1264 322 obsidionales
1302 274 1576 329 machina&

173 345 523 409 quinquaginta
547 346 666 391 aliae
692 344 992 404 bellatrices,
1036 342 1343 409 totidemque
1363 342 1426 392 ad
1446 361 1580 390 eom-

170 414 471 479 paginandos
496 413 778 460 necessariae
803 427 990 476 pontes.

130 493 147 519 1
271 483 357 531 IV.
392 483 461 530 Re
488 483 586 545 ipsa
610 481 903 542 admoneor,
939 481 1178 542 breviter,
1215 494 1451 545 quantum
1479 496 1579 528 me-

173 550 340 599 diocre
373 552 525 616 potest
557 551 832 615 ingenium,
887 551 1008 599 haec
1039 550 1471 599 instrumentorum
1501 566 1580 611 ge-

169 620 285 667 nera
307 619 644 683 ignorantibus
665 618 1030 686 circumscripte
1049 619 1313 668 monstrare
1331 636 1341 666 z
1373 632 1421 666 et
1439 617 1581 664 balli-

81 726 85 730 .
122 701 151 729 2
169 689 264 736 stae
285 691 437 752 figura
461 689 719 736 docebitur
740 689 914 755 prima.
986 689 1191 736 Ferrum
1215 688 1343 737 inter
1365 686 1580 734 axiculos

171 757 295 805 duos
327 760 523 805 firmum
553 757 920 822 compaginatur
954 771 1001 804 et
1032 757 1243 817 vastum,
1286 757 1337 804 in
1372 754 1580 803 modum

168 828 361 891 regulae
385 826 582 874 maioris
605 840 879 874 extentum:
916 825 1054 873 cuius
1076 843 1132 873 ex
1151 826 1400 874 volumine
1424 822 1590 879 tereti,

171 895 306 960 quod
337 897 386 941 in
429 894 594 949 medio
629 913 739 958 pars
779 895 932 958 polita
971 894 1251 958 componit,
1313 891 1581 959 quadratus

171 965 351 1011 eminet
375 964 509 1010 stilus
534 965 567 1027 ¹)
591 963 843 1022 extentius,
869 977 1000 1023 recto
1020 963 1194 1027 canalis
1215 962 1399 1028 angusti
1417 973 1582 1008 meatu

168 1047 390 1092 cavatus,
433 1046 479 1077 et
513 1032 604 1076 hac
637 1031 900 1096 multiplici
932 1030 1120 1077 chorda
1152 1049 1415 1079 nervorum
1445 1026 1583 1076 torti-

165 1102 287 1148 lium
310 1101 544 1162 illigatus:
583 1099 725 1162 eique
747 1098 977 1146 cochleae
1005 1098 1128 1145 duae
1155 1100 1343 1161 ligneae
1380 1098 1584 1146 coniun-

169 1182 345 1232 guntur
372 1167 604 1231 aptiffime
620 1204 632 1226 ,
681 1186 885 1232 quarum
915 1184 1068 1230 prope
1090 1164 1243 1213 'unam
1269 1167 1448 1214 adiistit
1472 1165 1582 1213 arti-

166 1239 245 1285 fex
268 1237 544 1298 contempla
555 1235 688 1296 bilis,
730 1250 777 1282 et
795 1235 1037 1283 subtiliter
1067 1234 1272 1298 adponit
1299 1237 1351 1282 in
1373 1235 1581 1282 temonis

168 1307 416 1353 cavamine
437 1304 656 1367 sagittam
677 1303 888 1368 ligneam
909 1303 1098 1367 spiculo
1131 1304 1314 1352 maiore
1346 1303 1586 1367 congluti-

168 1389 358 1421 natam:
406 1374 602 1437 hocque
639 1373 771 1419 facto
798 1372 1033 1421 hincinde
1066 1372 1213 1419 validi
1245 1374 1444 1421 iuvenes
1480 1389 1593 1423 ver-.

123 1445 152 1488 5
174 1443 275 1490 sant
293 1443 482 1506 agiliter
508 1442 763 1489 rotabilem
786 1444 985 1489 flexum.
1057 1442 1183 1490 Cum
1221 1441 1284 1489 ad
1315 1440 1586 1491 extremita-

170 1527 269 1560 tem
300 1529 562 1559 nervorum
595 1528 800 1558 acumen
838 1510 1025 1558 venerit
1064 1509 1333 1573 summum,
1397 1510 1585 1575 percita

169 1582 362 1628 interno
396 1578 533 1645 pulsu
555 1598 581 1625 a
610 1578 802 1625 ballista
830 1597 887 1626 ex
911 1578 1067 1627 oculis
1099 1580 1287 1641 avolat,
1334 1577 1584 1627 interdum

169 1650 324 1696 nimio
375 1649 547 1695 ardore
594 1646 887 1695 scintillans:
957 1662 1003 1696 et
1039 1648 1199 1695 evenit
1235 1647 1449 1714 saepius,
1510 1660 1586 1704 ut,

169 1732 425 1781 antequam
466 1717 619 1764 telum
669 1731 920 1779 cernatur,
1009 1715 1151 1764 dolor
1209 1718 1353 1766 letale
1409 1717 1584 1766 vulnus

169 1785 410 1851 agnoscat.
1474 1837 1480 1845 ί

124 1856 154 1908 4
273 1853 559 1917 Scorpionis
598 1868 784 1914 autem,
842 1872 990 1919 quem
1027 1853 1275 1918 adpellant
1304 1871 1435 1902 nunc
1472 1871 1586 1901 ona-

171 1942 338 1989 grum,
380 1921 665 1970 huiusmodi
697 1923 855 1969 forma
901 1922 980 1968 est.
1072 1923 1318 1970 Dolantur
1344 1939 1452 1968 axes
1483 1919 1585 1970 duo

173 1991 376 2058 quernei
398 1990 647 2050 velilicei,
676 2003 1032 2052 curvanturque
1058 1990 1388 2049 mediocriter,
1405 2003 1460 2036 ut
1472 2007 1584 2053 pro-

173 2062 358 2108 minere
380 2058 635 2106 videantur
661 2058 710 2103 in
733 2057 920 2121 gibbas,
953 2056 1107 2121 hique
1127 2059 1177 2104 in
1203 2057 1407 2105 modum
1436 2057 1585 2106 serra-

174 2129 328 2176 toriae
352 2127 606 2174 machinae
627 2139 1001 2185 connectuntur,
1026 2143 1082 2172 ex
1106 2141 1316 2191 utroque
1342 2128 1490 2174 latere
1507 2144 1588 2191 pa-

175 2198 353 2245 tentius
368 2195 599 2261 perforati
617 2213 627 2242 :
661 2212 783 2260 quos
798 2194 925 2243 inter
942 2211 1029 2258 per
1048 2213 1274 2242 cavernas
1295 2196 1436 2242 funes
1449 2196 1588 2242 colli·
1607 2221 1610 2223 >

178 2280 348 2329 gantur
372 2264 570 2325 robusti,
602 2281 907 2328 compagem,
937 2280 998 2310 ne
1022 2261 1229 2324 diffluat,
1259 2264 1581 2312 continentes.

132 2332 158 2376 5
179 2335 257 2381 Ab
287 2335 376 2381 hac
414 2333 671 2381 medietate
706 2331 899 2380 restium
927 2330 1113 2394 ligneus
1150 2332 1284 2380 stilus
1324 2331 1584 2396 exsurgens

180 2404 438 2468 obliquus,
470 2417 518 2450 et
539 2402 588 2449 in
609 2399 813 2449 modum
836 2400 1009 2464 iugalis
1030 2401 1239 2448 temonis
1263 2414 1449 2448 erectus
1463 2436 1476 2460 ,
1520 2401 1586 2447 ita

176 2489 438 2519 nervorum
458 2471 497 2536 ²)
521 2469 714 2518 nodulis
740 2469 1035 2535 implicatur,
1071 2484 1126 2516 ut
1149 2470 1289 2517 altius
1313 2469 1421 2516 tolli
1445 2467 1588 2533 possit

179 2554 227 2586 et
248 2540 499 2588 inclinari:
530 2538 892 2602 summitatique
913 2537 1013 2585 eius
1034 2539 1149 2587 unci
1179 2538 1324 2586 ferrei
1354 2538 1587 2600 copulan-

181 2622 283 2670 tur,
327 2627 351 2656 c
386 2609 563 2673 quibus
593 2606 777 2674 pendet
803 2607 1003 2674 stuppea
1025 2608 1102 2669 vel
1120 2607 1277 2663 ferrea
1295 2604 1473 2654 funda:
1505 2605 1586 2653 cui

230 2770 267 2816 ι)
297 2771 347 2803 al·
380 2771 550 2806 extensus.
603 2773 638 2818 2)
665 2772 716 2806 ul.
751 2769 919 2807 modulis.
