1727 3144
222 129 485 175 VAL'ENT.
516 143 649 177 vn..
687 145 758 176 ET
798 145 1092 177 enat-tau.
1167 136 1282 195 570.
1389 138 1488 195 489

89 269 202 309 nes,
236 249 335 300 fine
363 251 749 318 impedimento,
789 254 922 303 unde
952 267 1210 314 venerant,
1242 259 1493 308 reversuri.

91 321 286 384 Quibus
307 321 442 370 omni
470 323 566 370 iam
591 323 856 372 formidine
885 324 1048 372 vacuis
1079 325 1387 391 reditumque
1424 329 1544 392 [υἱ-5

91 390 334 455 rantibus,
388 393 578 440 occulte
612 391 799 456 pedites
833 393 956 440 miffi
983 393 1193 443 ,infidias
1235 395 1285 440 in
1333 397 1497 445 abdita

62 451 303 522 ‘quadam
335 460 459 507 valle
490 460 787 522 struxerunt,
838 460 969 510 unde
1009 477 1371 526 praetereuntes
1417 465 1498 512 ad-

23 569 28 572 .
90 526 227 591 gredi
249 530 446 593 negotio
468 544 691 594 poterant
710 530 833 578 levi:
869 530 953 580 sed
972 532 1116 595 longe
1141 531 1274 580 secus
1302 534 1496 593 accidit,

89 615 236 660 quam
256 597 554 663 sperabatur.
604 600 784 647 Sonitu
797 600 927 647 enim
948 601 1313 649 adventantium
1328 602 1500 667 perciti
1517 607 1545 649 6

90 665 323 715 exfiluere
344 667 542 732 quidam
564 667 899 731 intempestive
913 705 926 729 ‚
958 669 1141 734 vilique
1162 669 1323 718 subito
1337 708 1349 732 ‚
1379 671 1499 718 dum

86 733 135 780 se
165 736 358 782 firmare
387 736 637 797 festinant,
683 737 984 783 ululantibus
1016 737 1224 801 lugubre
1265 740 1498 801 barbaris,

88 817 343 850 vertuntur
363 805 416 850 in
442 803 606 867 pedes.
678 804 870 852 Stetere
903 819 1066 853 tamen
1089 824 1207 854 mox
1236 810 1501 872 congloba-

87 871 149 932 ti,
186 886 496 936 extremaque
518 870 646 920 sorte
667 872 792 920 vires
814 873 930 921 licet
958 892 1057 921 non
1085 874 1295 940 integras
1333 875 1500 941 sugge-

86 956 222 988 rente
250 941 513 1004 confligere
549 942 877 1005 cogebantur:
924 943 1175 1008 multaque
1211 945 1360 993 caede
1392 965 1500 1009 per-

84 1009 204 1055 culli
225 1009 546 1059 concidill'ent
574 1012 711 1057 nullo
743 1010 941 1071 relicto,
988 1012 1038 1058 ni
1072 1013 1500 1076 cataphractorum

84 1078 307 1142 equitum
339 1095 550 1140 cuneus,
591 1079 652 1126 ad
685 1078 995 1127 inferendum
1038 1081 1310 1143 periculum
1349 1097 1501 1131 trans-

85 1148 314 1201 euntibus
331 1149 550 1195 barbaris
572 1165 628 1196 ex
645 1149 738 1195 alio
757 1148 906 1195 latere
934 1166 1089 1213 prope
1123 1148 1389 1198 divortium
1422 1152 1500 1198 iti-

83 1219 214 1262 neris
242 1217 282 1281 2)
305 1216 409 1280 pari
440 1216 591 1264 modo
630 1217 844 1277 locatus,
890 1217 1103 1264 clamore
1138 1220 1350 1281 percitus
1376 1220 1496 1268 tristi

83 1285 272 1348 agiliter
294 1285 600 1333 subveniffet..
672 1286 797 1332 Exin
828 1285 1381 1348 concurlim1infestiu5‚
1416 1292 1542 1355 fi¹'·7

81 1354 325 1418 :matisque
354 1354 638 1419 pectoribus
665 1354 781 1402 hinc
809 1354 924 1402 inde
961 1355 1300 1403 incumbentes
1323 1357 1499 1406 Roma-

86 1423 139 1469 ni
160 1423 346 1471 clausos
367 1423 527 1471 hostes
556 1423 743 1471 eductis
777 1423 947 1487 gladiis
978 1425 1364 1473 obtruncabant:
1405 1446 1498 1474 nec

86 1492 347 1557 quisquam
377 1509 549 1540 eorum
581 1492 811 1556 genitales
841 1492 1044 1540 revisere
1077 1493 1404 1556 potuitlares,
1436 1514 1497 1544 ne

83 1579 186 1608 uno
208 1560 409 1625 quidem
431 1559 662 1608 caedibus
682 1562 1110 1624 concorporalium
1131 1561 1367 1625 superess'e
1393 1582 1501 1627 per-

83 1629 240 1678 miffo.
310 1630 388 1678 Ac
407 1629 524 1678 licet
541 1629 688 1677 iustus
710 1629 912 1693 quidam
932 1630 1113 1677 arbiter
1135 1648 1294 1678 rerum
1315 1632 1498 1681 factum

82 1697 325 1746 incusabit
348 1697 595 1764 perfidum
627 1713 675 1746 et
701 1697 947 1746 deforme:
995 1697 1191 1763 pensato
1223 1713 1384 1748 tamen
1417 1720 1498 1749 ne-

85 1767 222 1830 gotio
245 1785 344 1815 non
364 1768 488 1815 feret
504 1767 735 1831 indigne,
764 1785 964 1814 manum
987 1768 1231 1815 latronum
1255 1770 1497 1818 exitialem

83 1835 284 1885 tandem
304 1836 448 1900 copia
471 1835 582 1883 data
602 1850 809 1900 captam.
1441 1886 1445 1889 ,

180 1904 295 1952 Post
316 1905 436 1952 haec
459 1905 525 1952 ita
548 1904 778 1969 prospere
812 1903 1162 1963 consummata,
1205 1904 1499 1952 Valentinia-
1516 1918 1544 1961 8

83 1990 174 2020 nus
195 1971 433 2021 versando
466 1972 726 2021 sententias
757 1973 1109 2033 multiformes,
1152 1972 1289 2020 anxia
1321 1974 1498 2021 sollici-

83 2041 255 2090 tudine
286 2042 637 2106 stringebatur:
679 2056 908 2105 reputans
941 2040 1092 2087 multa
1131 2054 1179 2088 et
1217 2041 1498 2105 circumspi-

83 2111 244 2171 ciens,
276 2111 454 2175 quibus
478 2112 767 2160 commentis
791 2110 1180 2157 Alamannorum
1213 2123 1260 2156 et
1296 2110 1498 2156 Macria-

83 2179 135 2226 ni
166 2179 290 2242 regis
331 2179 573 2241 frangeret
608 2179 778 2239 fastus,
832 2177 933 2226 fine
967 2180 1063 2225 fine
1099 2178 1174 2224 vel
1211 2177 1361 2224 modo
1392 2196 1495 2225 rem

83 2248 355 2295 Romanam
385 2247 663 2310 irrequietis
697 2248 912 2295 motibus
943 2245 1316 2294 confundentes,
1402 2247 1496 2293 Im-
1516 2268 1544 2310 9

83 2317 240 2364 manis
261 2316 391 2364 enim
425 2316 583 2376 natio,
626 2315 722 2363 iam
753 2317 867 2365 inde
892 2317 953 2363 ab
990 2314 1295 2361 incunabulis
1327 2314 1498 2377 primis

85 2385 314 2434 varietate
343 2382 541 2432 casuum
588 2383 868 2446 imminuta,
919 2385 983 2431 ita
1019 2382 1204 2445 saepius
1244 2381 1497 2445 adulescit,

87 2468 143 2500 ut
167 2453 302 2502 suiffe
335 2454 494 2517 longis
525 2451 724 2500 saeculis
754 2455 1026 2502 aestimetur
1061 2451 1252 2497 intacta.
1336 2451 1500 2499 Sedit.

89 2540 183 2586 que
206 2521 405 2570 confilia
427 2521 518 2569 alia
544 2521 649 2586 post
670 2523 758 2569 alia
785 2519 1072 2586 Imperatori
1101 2520 1345 2582 probanti,
1377 2520 1498 2567 Bur-

89 2589 377 2653 gundios'in
409 2607 580 2639 eorum
612 2588 808 2642 excitari
841 2588 1137 2657 perniciem,
1166 2588 1424 2638 bellicosos
1451 2603 1499 2641 et.

136 2757 176 2799 2)
204 2753 273 2790 Ms.
305 2756 424 2803 primo
459 2753 661 2790 dolocatus.
