1727 3144
191 128 287 170 585
432 140 705 172 ΛΜΜΙΑΜ
751 139 1136 173 MARcELle
1191 141 1334 186 xxxi,
1366 142 1410 187 9.
1450 142 1524 172 10.

187 263 374 296 terrore
411 248 656 313 dispersis,
701 250 933 297 transiere
965 253 1146 299 flumen
1181 246 1420 315 direpturi
1445 267 1593 297 vacua

141 321 170 375 4
191 316 527 366 defensoribus
577 320 701 364 loca.
772 318 958 366 Eorum
1006 319 1206 369 catervis
1256 318 1416 366 subito
1466 318 1592 380 vifis,

187 401 374 435 certare
406 388 683 436 comminus
711 386 808 434 dux
837 389 1126 436 cautissimus
1165 406 1361 453 parans,
1398 389 1434 449 ¹)
1458 388 1598 434 ador-

187 471 364 521 tusque
397 475 399 478 ’
427 455 634 505 nationis
700 457 954 523 utriusque
1018 457 1295 523 grassatores
1357 457 1597 504 minantes

187 526 440 572 etiamtum
470 527 670 588 acerba3
715 527 994 575 trucidasset
1025 545 1192 575 omnes
1222 526 1281 573 ad
1322 538 1501 587 unum,
1543 537 1600 571 ut

186 613 247 640 ne
279 596 476 641 nuntius
513 594 714 659 quidem
750 597 902 643 cladis
933 597 1038 661 post
1072 596 1352 661 adparelet,
1398 595 1451 641 ni
1485 612 1598 643 cum

185 664 290 709 aliis
315 684 358 709 n
348 665 477 710 ultis
504 678 758 729 perempto
789 667 1062 727 Farnobio‚
1101 664 1368 714 metuendo
1391 664 1596 711 antehac

184 732 438 781 ἱιωει]ί(·)ιθ
468 737 748 794 tul-balunl,
804 735 1066 782 obtestatus
1096 754 1249 800 prece
1282 732 1499 798 impensa
1528 728 1603 778 su-

184 802 462 865 perstitibus
490 802 797 866 pepeiciss'et:
834 804 1071 867 vivosque
1089 812 1257 850 omnes
1286 805 1415 850 cinca
1452 799 1603 850 Muti-

184 888 324 930 nam,
365 872 669 933 Regiumque
703 885 750 916 et
777 871 1000 918 Palmam
1035 873 1206 919 Italica
1232 871 1445 936 oppida,
1487 888 1600 917 rura

141 941 402 989 multum.»-
435 938 788 984 exterminavit.
883 940 1025 986 Hanc
1057 940 1376 988 Taifalorum·
1406 953 1601 1004 gentem

185 1021 380 1069 turpem
401 1024 452 1052 ac
476 1005 710 1053 obscenae
731 1008 858 1054 vitae
880 1007 1078 1069 flagitiis
1098 1008 1163 1055 ita
1185 1009 1460 1072 accepimus
1482 1025 1607 1055 mer-

184 1077 280 1121 sam
296 1112 308 1134 ⁷
337 1089 393 1121 ut
413 1074 544 1139 apud
567 1093 649 1122 eos
670 1076 869 1122 nefandi
892 1077 1186 1124 concubitus
1223 1075 1423 1124 foedere
1452 1095 1603 1141 copu-

183 1145 347 1191 lentur
377 1146 592 1191 maribus
630 1146 865 1208 puberes3
912 1147 1079 1193 aetatis
1111 1145 1409 1193 viriditatem
1442 1146 1493 1191 in
1524 1164 1602 1193 eo-

185 1232 295 1259 rum
334 1214 534 1276 pollutis
566 1213 730 1260 ustbus
763 1213 1116 1278 consumpturi.
1202 1214 1387 1271 Porro,
1439 1213 1478 1260 fi
1517 1215 1605 1278 qui

184 1282 282 1328 iam
312 1281 504 1328 adultus
534 1301 707 1345 aprum
740 1283 986 1346 exceperit
1023 1283 1151 1331 solus
1191 1284 1269 1330 vel
1305 1283 1607 1331 interemerit

185 1350 351 1398 ursuni
377 1351 668 1412 immanem,
702 1352 981 1399 colluvione
1006 1353 1243 1399 liberatur
1265 1352 1448 1400 incesti.

145 1427 161 1452 ¹
291 1417 356 1468 X'.
388 1420 524 1467 Haec
557 1434 792 1468 autumno
821 1438 905 1468 ver
910 1435 1050 1484 rente
1081 1422 1131 1468 in
1173 1421 1389 1470 hiemem
1432 1421 1606 1469 funesti

186 1508 276 1554 per
296 1489 402 1536 Thi
407 1490 530 1536 acias
552 1503 630 1535 tui
634 1490 772 1536 hines
796 1491 831 1554 ¹)
851 1508 1032 1538 conve]
1038 1492 1238 1538 rebant.
1275 1501 1396 1556 quae
1415 1498 1607 1555 tempo-

189 1578 299 1605 rum
324 1559 481 1604 iabies
497 1595 509 1617 ‚
540 1577 567 1604 v
559 1558 674 1604 elut
694 1574 867 1605 cuncta
887 1560 1131 1607 cientibus
1150 1560 1338 1621 Furiis,
1370 1558 1432 1606 ad
1450 1560 1607 1624 regio·

187 1646 272 1674 nes
307 1644 508 1692 quoque
540 1627 833 1692 longinquas
866 1629 1186 1693 plogtediens
1235 1630 1330 1676 late
1367 1628 1605 1694 seipehat

139 1704 167 1731 2
189 1697 245 1742 Et
272 1697 365 1742 iam
404 1694 675 1742 Lentienfis
708 1698 1058 1744 Alamannicus
1090 1699 1326 1762 populus²
1371 1699 1607 1746 tractibus

188 1766 465 1811 Raetiarum
495 1765 728 1826 confinis,
782 1784 869 1830 per
909 1767 1102 1815 fallaces
1141 1765 1384 1814 discursus
1424 1767 1607 1821 violato

187 1835 389 1880 foedere
420 1833 608 1880 dudum
643 1849 913 1899 concepto,
965 1836 1220 1883 collimitia
1262 1836 1422 1884 noltra
1457 1850 1607 1884 tenta-

187 1903 297 1961 bat,
336 1919 460 1964 quae
485 1902 646 1967 clades
670 1902 787 1950 hinc
808 1904 997 1952 exitiale
1030 1905 1355 1970 piimoidium
1391 1904 1604 1968 sumplit.

141 1967 259 2016 >Ex
295 1970 386 2015 hac
417 1969 617 2015 'natione
654 1973 855 2033 quidam
892 1975 1019 2021 intel
1059 1974 1303 2037 Principis
1341 1974 1607 2037 armigeros

188 2038 434 2094 militans,
476 2035 704 2100 poscente
733 2041 934 2101 negotio
966 2042 1180 2088 reversus
1226 2042 1278 2087 in
1323 2042 1500 2103 larem,
1554 2055 1608 2089 ut

190 2121 294 2154 erat
347 2106 396 2151 in
450 2106 703 2170 loquendo
743 2107 963 2168 effufim,
1020 2110 1373 2168 inteirooantes
1410 2112 1607 2172 multos,

191 2175 313 2241 quid
348 2187 570 2236 ageretur
601 2175 653 2220 in
683 2176 886 2240 palatio,
933 2176 1081 2225 docet
1122 2178 1344 2226 arceffitu
1383 2179 1617 2228 Valentis

192 2245 349 2310 patrui
371 2246 413 2291 G
425 2244 658 2290 ratianum
686 2244 942 2293 Orientem
961 2245 1124 2294 versus
1146 2265 1262 2295 mox
1289 2247 1420 2311 ligna
1450 2262 1608 2295 motu-

193 2333 299 2360 rum
321 2331 330 2359 ε
360 2326 415 2359 ut
436 2311 696 2375 duplicatis
718 2314 903 2362 viribus
926 2316 1221 2380 repellantur
1243 2317 1492 2381 plagarum
1514 2331 1608 2365 ter-

191 2383 449 2429 minalium
473 2384 694 2444 accolae,
728 2382 787 2430 ad
808 2383 1138 2431 Romanorum
1161 2403 1330 2433 verum
1361 2386 1606 2433 excidium

144 2452 171 2507 4
196 2451 454 2498 coniurati.
529 2451 724 2507 Quibus
757 2453 897 2501 avide
926 2454 1207 2501 Lentienses
1236 2455 1471 2518 acceptis,
1516 2454 1608 2519 ipfi

196 2538 396 2584 quoquc
417 2519 534 2567 haec
561 2521 695 2584 quali
720 2521 865 2567 vicini
889 2536 1169 2581 cernentes3
1198 2537 1253 2569 ut
1275 2523 1383 2571 sunt
1408 2524 1627 2570 veloces

196 2603 243 2635 et
272 2587 455 2653 rapidi,
489 2590 699 2637 conferti
722 2590 772 2637 iu
792 2591 1127 2657 praedatorios
1150 2591 1350 2656 globOS‚
1379 2592 1605 2640 Rhenum

245 2755 285 2799 ι)
313 2752 376 2789 Ns.
408 2764 444 2789 et
472 2755 597 2802 Sleplc.
628 2765 667 2788 ut
694 2756 916 2804 priusquam.
975 2757 1006 2801 ι)
1036 2756 1104 2793 Ms.
1135 2756 1414 2793 convertebant:
1444 2765 1478 2789 et
1500 2766 1600 2806 quae.
