1727 3144
206 141 339 173 VAL.
384 141 678 174 cnm-MN.
716 144 792 174 ET
823 143 1076 183 VALENT.
1118 146 1163 176 2.
1235 133 1348 193 578.
1440 136 1536 193 5q7

132 249 337 299 cedebat
366 252 580 314 exitiale,
627 251 763 320 quod
792 248 1016 303 homines
1047 269 1093 304 et
1117 255 1330 304 iumenta
1351 256 1533 305 crucia

130 319 215 365 bat
244 320 406 367 inedia
430 323 600 386 giavis.

233 388 368 437 lutei
393 409 515 455 quae
539 391 835 456 Fuitigernus
861 390 1064 440 callidus
1082 392 1234 440 futuri
1261 393 1527 449 coniector,
1554 399 1602 457 ¹4

128 454 436 522 Maitemque
458 460 798 524 pertimelcens
819 461 1106 525 ancipitem,
1147 462 1279 509 velut
1299 460 1530 509 caducea-

125 537 204 572 tol
209 544 286 573 em
319 546 471 574 unum
505 546 530 576 e
567 529 708 592 plebe
739 528 825 577 suo
855 528 981 576 mifit
1012 530 1243 590 mbiuio,
1289 530 1528 594 impetens

121 595 313 643 nobiles
335 596 573 661 quosdam
592 612 638 644 et
659 599 837 645 electos
857 597 915 643 ad
938 596 985 644 se
1018 597 1305 661 propediem
1335 597 1523 646 obfides

118 663 272 725 mitti,
314 665 588 730 impavidus
619 665 718 731 ipse
748 667 848 711 vim
877 665 1133 713 militarem
1161 667 1344 714 laturus
1371 681 1417 716 et
1445 685 1524 714 ne-

116 732 327 781 cessaria.
399 733 622 781 Laudato
643 734 948 796 probatoque
967 733 1219 780 formidati
1238 736 1390 782 Ducis
1417 753 1522 799 pro-
1545 744 1596 787 15

115 801 300 864 polito,
328 803 554 848 tribunus
572 800 822 864 Equitius,
852 800 932 846 cui
951 814 1067 847 tunc
1089 815 1191 848 erat
1211 819 1325 848 cura
1356 803 1520 866 palatii

116 867 327 931 credita,
369 869 588 916 Valentis
618 869 946 932 propinquus,
992 867 1373 916 adsentientibus
1407 887 1521 917 cun-

115 938 206 999 ctis
226 937 296 985 ire
320 937 536 1002 pignoris
564 937 680 984 loco
704 950 892 984 mature
925 937 1216 1000 disponitur.
1300 938 1414 995 Quo
1448 957 1518 987 re-

113 1006 332 1067 nitente,
376 1006 489 1071 quia
521 1003 669 1053 semel
699 1020 868 1070 captus
898 1007 958 1052 ab
989 1005 1228 1067 hostibus,
1258 1005 1518 1072 lapsusque

113 1094 139 1122 a
175 1076 401 1136 Dihalm,
448 1075 705 1122 veiebatui
744 1092 914 1122 eorum
947 1075 1302 1122 iirationabiles
1337 1090 1515 1137 motus,

111 1143 430 1192 Richomeies
459 1143 507 1192 se
535 1142 706 1209 sponte
736 1143 914 1191 obtulit
944 1144 1166 1208 ρι’·οριὶᾶι
1203 1145 1371 1209 ireque
1404 1162 1515 1209 pio-

109 1212 306 1261 miseiat
339 1214 523 1276 libens,
564 1212 826 1277 pulchium
863 1212 958 1261 hoc
994 1231 1192 1277 quoque
1236 1213 1422 1261 facinus
1464 1227 1513 1260 et

109 1284 215 1330 viro
248 1283 512 1331 conveniie
549 1283 818 1330 existimans
852 1282 994 1330 fo1ti:
1045 1282 1244 1347 iamque
1279 1282 1510 1346 pergebat

105 1351 289 1399 indicia
314 1351 561 1416 dignitatis
583 1352 640 1417 ¹⁰)
664 1365 713 1400 et
740 1351 970 1399 natalium
1004 1349 1268 1416 [daturus.]-
1342 1351 1415 1398 Eo
1448 1349 1511 1397 ad
1533 1354 1586 1398 16

105 1421 286 1468 vallum
306 1421 478 1469 hostile
500 1418 755 1482 tendente,
785 1419 1012 1484 sagittarii
1043 1435 1091 1467 et
1119 1419 1337 1481 scutarii,
1386 1437 1510 1484 quos

106 1489 340 1537 Bacurius
371 1490 586 1538 Hiberus
620 1489 819 1553 quidam
855 1503 970 1536 tunc
1012 1491 1207 1553 regebat
1250 1503 1297 1536 et
1337 1487 1507 1548 Cassio,

107 1558 294 1606 avidius
326 1560 514 1623 impetu
544 1558 719 1605 calenti
758 1556 1013 1623 progreffi,
1070 1559 1265 1622 iamque
1301 1555 1508 1603 advcrfis

104 1629 339 1689 connexi,
380 1641 435 1675 ut
463 1628 719 1676 immature
752 1641 1103 1691 piouupeiant,
1143 1627 1209 1681 ita
1241 1626 1384 1673 inerti
1415 1624 1508 1671 dis.

104 1695 233 1743 ceffu
258 1665 528 1761 pii’mordia
557 1697 674 1743 belli
705 1696 978 1743 foedarim-‚t
1064 1696 1275 1760 Hocque
1304 1692 1581 1758 impedi-17

104 1780 277 1813 mento
291 1780 493 1814 conatus
520 1765 844 1842 intempestivi
877 1779 924 1812 et
953 1764 1276 1812 Richomenis
1290 1760 1508 1810 alaciitas

103 1835 147 1880 fn
151 1849 254 1882 acta
275 1835 340 1882 est
360 1852 599 1898 nusquam
619 1835 690 1882 ire
711 1833 946 1898 permissi,
982 1848 1029 1881 et
1057 1834 1299 1897 equitatus
1317 1830 1509 1878 Gotho-

105 1922 215 1950 ium
241 1922 354 1951 cum
384 1904 597 1951 Alatheo
633 1902 846 1950 reversus
875 1916 924 1950 et
952 1902 1296 1967 ¹¹)Saph1ace‚
1328 1899 1510 1947 Alano-

102 1990 212 2022 rum
233 1991 380 2019 manu
402 1971 648 2035 peimista,
680 1986 734 2018 ut
754 1972 939 2018 fulmen
960 1987 1118 2034 prope
1141 1982 1329 2015 montes
1358 1966 1508 2013 celsos

104 2041 348 2101 excuffus,
381 2057 719 2104 quoscumque
740 2036 939 2086 accursu
960 2037 1149 2085 veloci
1140 2056 1220 2083 mv
1225 2036 1355 2083 eniie
1377 2052 1506 2081 com

104 2110 266 2156 minus
293 2109 476 2172 potuit,
506 2109 704 2155 incitata
721 2107 870 2156 caede
893 2106 1118 2153 turbavit.

202 2177 353 2226 XIII.
387 2177 610 2241 Cumque
631 2194 762 2224 arma
782 2193 839 2223 ex
857 2176 1004 2223 latere
1032 2172 1165 2221 omni
1194 2185 1508 2219 concuter-eu
1530 2203 1546 2227 Ι

107 2261 186 2294 tur
206 2260 251 2294 et
273 2246 392 2307 tela,
432 2245 679 2309 lituosque
708 2245 912 2291 Bellona
941 2240 1186 2290 luctuosos
1212 2240 1426 2298 inssaiet
1456 2239 1506 2285 in

106 2314 269 2364 clades
296 2315 537 2362 Romanas
569 2311 713 2360 solito
749 2313 1006 2359 immanius
1043 2310 1231 2357 sinens·
1280 2307 1508 2355 cedentes

106 2384 258 2432 nostri
290 2383 455 2431 multis
485 2382 933 2429 interclamantibus
963 2379 1257 2427 restiterunt:
1294 2391 1342 2425 et
1369 2394 1511 2440 pioe-

106 2454 231 2502 lium
260 2456 566 2500 flammarum
593 2451 690 2497 ritu
724 2449 964 2509 crescens,
1008 2450 1042 2512 ¹)
1061 2447 1272 2495 terrebat
1298 2446 1510 2492 militum

109 2524 325 2584 animos,
371 2519 576 2568 confixis
605 2518 897 2582 quibusdam
929 2517 1096 2565 rotatis
1126 2515 1305 2563 ictibus
1334 2514 1516 2562 iaculo-

164 2715 218 2753 ιο)
245 2707 314 2743 Ms.
355 2705 525 2742 natalium
558 2730 720 2738 .....
751 2705 803 2740 Eo
831 2705 886 2740 ad.
954 2706 1011 2751 ιι)
1047 2705 1096 2739 αἶ.
1124 2703 1268 2749 Salmge
1309 2700 1518 2734 Alf-manuo-

112 2769 203 2792 rum.
263 2762 296 2802 ι)
324 2755 392 2789 Μ1’.
422 2754 501 2787 latis
530 2751 696 2786 terrebat.
