1727 3144
167 149 418 197 VALENT'.
468 160 599 194 VAL.
648 162 720 192 ET
765 160 1065 193 eRA'rmx.
1139 151 1251 196 5438.
1379 150 1473 195 461

71 273 301 334 boribus,
341 271 641 337 castellisque
675 271 874 319 munitis
896 285 944 319 et
969 271 1155 332 castris,
1194 291 1317 335 quae
1340 280 1478 339 cepe-

72 356 143 388 rat
163 343 219 406 ¹⁰)
248 341 467 406 superata
490 342 566 389 vel
590 340 802 405 prodita,
825 360 935 387 cum
957 341 1090 387 omni
1117 340 1333 403 pondere
1358 346 1478 390 mul-

69 410 292 458 titudinis
324 410 680 474 Artogerassam
712 410 1139 473 circumsaeptam,
1186 423 1232 456 et
1261 411 1362 472 post
1398 429 1477 458 va-

71 480 170 526 rios
198 479 518 527 certaminum
551 479 682 526 casus
708 481 762 546 ¹¹)
792 478 966 526 lalsatis
991 478 1324 525 defensoribus
1350 494 1478 542 pate-

68 548 245 601 factam
276 548 519 596 incendit:
561 547 750 596 Arsacis
775 566 977 596 uxorem
1000 562 1186 595 erutam
1217 546 1331 594 inde
1364 565 1477 594 cuni

68 617 304 664 thesauris
324 617 541 665 abduxit.

167 686 300 741 Quas
335 688 399 733 ob
426 685 588 734 causas
609 686 670 732 ad
693 703 768 732 eas
792 682 1013 747 regiones
1041 682 1339 733 Arintbaeus
1366 702 1477 730 cum
1495 692 1544 734 13

71 755 285 802 exercitu
313 755 522 800 mittitur
554 755 755 813 Comes,
807 752 1052 815 suppetias
1089 754 1270 800 laturus
1306 753 1478 799 Arme-

70 824 193 883 niis,
227 822 263 868 fi
296 840 379 870 eos
411 822 654 886 exagitare
686 821 947 885 procinctu
972 821 1166 886 gemino
1186 821 1479 868 tentaverint

66 890 252 940 Persae.

167 961 303 1008 Inter
333 977 454 1025 quae
490 960 648 1024 Sapor
685 957 976 1006 immensum
1016 973 1250 1024 quantum
1281 958 1547 1017 astutus,14

69 1043 145 1086 et,
187 1047 299 1076 cum
332 1030 420 1076 fibi
441 1029 775 1090 conduceret,
794 1027 993 1074 humilis
1015 1043 1096 1074 aut
1118 1029 1294 1088 elatus,
1330 1025 1478 1073 socie·
1514 1071 1518 1074 .

68 1098 179 1144 tatis
209 1099 400 1146 futurae
432 1098 590 1163 specie
619 1096 790 1144 Param
815 1110 869 1143 ut
890 1095 1187 1143 incuriosum
1212 1096 1283 1142 sui
1305 1114 1391 1159 per
1411 1096 1476 1140 la-

69 1181 224 1214 tentes
265 1169 462 1214 nuntios
488 1167 798 1230 increpabat,
856 1165 992 1229 quod
1025 1165 1279 1212 maiestatis
1319 1164 1477 1227 regiae

69 1237 341 1284 velamento
379 1236 542 1300 Cylaci
571 1234 769 1282 serviret
807 1249 853 1281 et
886 1235 1184 1281 Artabanni:
1231 1251 1352 1298 quos
1394 1233 1476 1278 illc

68 1322 300 1369 praeceps
322 1304 664 1352 blanditiarum
679 1303 920 1351 illecebris
941 1303 1199 1362 interfecit,
1220 1303 1477 1366 capitaque

68 1373 319 1421 caesorum
342 1372 403 1419 ad
425 1374 660 1437 Saporem
683 1386 737 1419 ut
759 1373 803 1420 ei
822 1372 1090 1435 morigerus
1114 1371 1254 1418 milit.
1574 1423 1577 1425 μ

164 1442 269 1489 Hac
304 1442 443 1489 clade
474 1442 569 1489 late
604 1440 799 1502 diffusa,
846 1442 1078 1488 Armenia
1102 1441 1260 1487 onmis
1284 1437 1547 1502 periss'et15

68 1511 471 1576 impropugnata,
515 1511 566 1557 ni
596 1510 853 1558 Arinthaei
884 1508 1095 1557 adventu
1124 1510 1278 1556 territi
1305 1506 1475 1554 Persae

69 1598 176 1627 eam
195 1580 439 1627 incursare
462 1578 624 1627 demto
648 1578 962 1626 distuliss'ent:
998 1579 1095 1625 hoc
1116 1577 1218 1624 solo
1241 1576 1476 1635 contenti,

71 1647 209 1712 quod
243 1649 304 1696 ad
334 1649 688 1712 Imperatorem
721 1646 891 1695 misere
914 1648 1122 1710 legatos,
1158 1660 1374 1710 petentes
1400 1662 1478 1690 na-

68 1718 256 1765 tionem
285 1717 530 1779 eamdem,
572 1732 627 1765 ut
657 1717 745 1764 fibi
772 1731 818 1764 et
851 1716 1051 1764 Ioviano
1075 1717 1347 1779 placuerat,
1380 1731 1478 1759 non

73 1785 286 1833 defendi.
375 1782 568 1842 Quibus
606 1786 896 1850 repudiatis,
951 1785 1267 1831 Sauromaces
1298 1782 1547 1846 pulsus,16

70 1868 126 1901 ut
154 1870 261 1902 ante
290 1853 524 1916 diximus,
561 1855 793 1902 Hiberiae
826 1872 1003 1918 regno,
1062 1872 1173 1900 cum
1215 1850 1479 1899 duodecim

70 1924 346 1987 legionibus
373 1939 420 1971 et
441 1923 674 1971 Terentio
703 1924 989 1971 remittitur:
1034 1936 1080 1969 et
1104 1941 1213 1968 eum
1237 1920 1365 1967 anmi
1392 1921 1480 1981 Cy-

73 1993 249 2040 roiam
280 1993 557 2056 proximum
589 1991 861 2057 Aspacures
894 1991 1075 2050 oravit,
1118 2004 1173 2036 ut
1195 1988 1322 2037 socia
1345 2002 1479 2053 pote-

74 2062 186 2108 state
214 2060 495 2109 consobrini
528 2075 806 2124 regnarent:
845 2059 1063 2107 causatus
1093 2059 1206 2106 idco
1228 2058 1273 2105 se
1296 2076 1384 2104 nec
1404 2074 1478 2102 ce-

77 2129 217 2190 dere,
267 2148 357 2176 nec
389 2129 450 2176 atl
480 2144 638 2193 vpartes
662 2129 789 2192 polse
817 2129 1019 2177 transire
1041 2128 1306 2186 Romanas,
1342 2124 1478 2189 quod

78 2198 288 2263 ¹²)Ultra
309 2198 410 2245 eius
430 2199 559 2245 filius
581 2198 760 2246 obsidis
773 2200 878 2264 lege
896 2195 1325 2246 tenebaturadhuc
1347 2192 1478 2257 apud

80 2266 261 2314 Persas.

95 2343 100 2347 ¹
173 2340 314 2400 Quae
344 2337 609 2400 imperator
643 2333 841 2399 doctus,
881 2348 936 2381 ut
960 2330 1271 2381 concitandas
1302 2348 1357 2377 cx
1378 2329 1475 2376 hoc
1496 2340 1546 2384 17

80 2423 278 2471 quoque
306 2405 505 2469 negotio
535 2403 695 2450 turbas
727 2402 928 2451 confilio
950 2401 1302 2466 prudentiaque
1322 2400 1480 2446 molli-

80 2489 179 2535 ret,
233 2474 456 2523 divisi-oni
483 2472 733 2537 adquievit
762 2472 1022 2520 Hiberiae:
1071 2484 1123 2516 ut
1155 2489 1259 2516 eam
1289 2467 1479 2515 medius

81 2542 330 2592 dirimeret
358 2545 532 2608 Cyrus,
584 2555 631 2588 et
657 2541 972 2589 Sauromaces
1006 2539 1251 2588 Armeniis
1273 2537 1478 2584 finitima

104 2735 184 2808 Ι10)
223 2734 269 2769 τά
301 2733 366 2767 vel
400 2729 552 2777 prodita
591 2729 626 2762 in
652 2726 719 2764 Ms-
759 2725 897 2765 desunt.
949 2727 1010 2774 11)
1036 2724 1103 2761 Ms.
1135 2726 1265 2761 laxatis.
1320 2728 1374 2774 12)
1408 2724 1473 2760 Ns.

78 2789 98 2809 u
120 2787 181 2811 tra.
1019 2781 1026 2788 '
