1727 3144
194 151 196 153 ¹
238 160 332 203 128
435 168 736 205 ‘mimam
774 156 1176 208 stAnt‘hLLlNI
1214 176 1344 220 xvu,
1385 176 1432 222 7.

230 294 409 330 terram
429 283 702 345 concutiat,
746 284 871 331 [itin
899 283 1146 346 abstruso,
1188 286 1383 351 piacula·
1412 284 1637 334 commit-

164 366 209 393 11
230 363 406 414 tantur,
478 352 728 400 Accidunt
749 368 935 414 autem,
979 368 1030 401 ut
1061 355 1318 418 opiniones
1348 355 1633 414 existimant,

227 419 354 467 inter
385 438 504 485 quas
539 422 820 470 Aristoteles
841 423 1026 485 'aestuat
1046 437 1100 472 ,et
1131 424 1318 473 laborat
1332 446 1350 486 ,·
1386 423 1536 471 autin
1557 441 1637 470 ca⁴

227 489 386 537 Vernis
407 490 606 538 minutis
629 505 863 540 terrarum
884 530 896 552 ,
942 511 1060 557 quas
1091 494 1278 541 Graece
1310 492 1522 559 syringas
1553 490 1638 538 ad-

226 558 490 622 pellamus,
520 560 732 624 impulsu
754 562 1001 611 crebriore
1022 562 1162 628 aquis
1184 561 1522 610 undabundis:
1551 573 1636 607 aut

227 641 384 689 certe,
428 642 484 675 ut
514 630 824 695 Anaxagoras
854 630 1105 692 adfirmat,
1150 634 1412 681 ventorum
1440 630 1489 677 vi
1526 627 1639 676 [ub-

228 697 448 744 euntium
480 697 576 745 ima
611 713 871 748 terrarum:
915 701 1000 766 qui
1036 719 1148 748 cum
1169 698 1497 748 soliditatibus
1519 710 1636 745 con-

227 764 444 812 crustatis
475 766 762 829 inciderint,
805 771 1086 834 eruptiones
1125 771 1282 817 nullas
1319 767 1633 832 reperientes,

227 850 304 880 eas
344 849 504 898 partes
543 834 633 882 soli
664 832 980 900 convibran't,
1021 856 1139 902 quas
1179 837 1508 902 subrepserint
1544 835 1637 881 hu-

224 901 364 949 midi.
439 903 582 952 Unde
603 905 1228 971 plerumqueobservatur,
1269 922 1396 954 terra
1428 919 1637 954 tremen-

226 985 301 1030 te,
366 984 624 1019 ventorum
665 975 798 1037 apud
843 994 932 1022 nos
969 975 1228 1040 spiramina
1265 976 1398 1022 nulla
1448 972 1633 1032 sentiri,

164 1063 213 1089 ε’),
230 1038 365 1105 quod
392 1042 442 1087 in
465 1041 648 1088 ultimis
671 1043 772 1096 eius
790 1043 1043 1091 secessibus
1068 1059 1382 1109 occupantur.
1454 1043 1636 1089 Anaxi-

227 1108 431 1156 mander
461 1110 552 1171 ait,
611 1111 907 1160 arescentem
956 1113 1105 1159 nimia
1149 1114 1364 1160 aestuum
1404 1110 1633 1169 ficcitate,

227 1192 310 1224 aut
340 1178 447 1241 post
477 1179 702 1227 madores
728 1180 987 1241 imbrium,
1031 1196 1208 1229 terram
1243 1182 1388 1228 rimas
1415 1179 1632 1244 >pandere

227 1246 535 1309 grandiores,
574 1266 692 1311 quas
714 1256 935 1313 penetrat
953 1249 1187 1313 supernus
1210 1256 1290 1297 aer
1311 1249 1552 1296 violentus
1585 1261 1634 1294 et

226 1315 434 1376 nimius,
482 1334 538 1363 ac
585 1335 672 1380 per
717 1335 795 1365 eas
838 1319 1118 1366 vehementi
1155 1318 1328 1382 spiritu
1369 1317 1633 1382 quaffatam

226 1384 345 1431 cieri
374 1384 587 1448 propriis
619 1384 831 1433 sedibus.
914 1391 1026 1451 Qua
1062 1387 1122 1434 de
1153 1386 1291 1434 causa
1313 1400 1522 1434 terrores
1546 1384 1635 1432 hu-

225 1452 441 1499 iusmodi
465 1455 706 1518 vaporatis
738 1457 1071 1520 temporibus,
1104 1470 1186 1503 aut
1219 1455 1369 1503 nimia
1400 1470 1631 1519 aquarum

225 1521 501 1569 caelestium
532 1521 865 1586 superfulione
896 1526 1200 1589 contingunt.
1281 1523 1504 1588 Ideoque
1535 1521 1635 1570 Ne·

224 1603 433 1654 ptunum
467 1590 711 1637 humentis
741 1592 1028 1640 substantiae
1067 1594 1378 1658 potestatem,
1433 1589 1635 1639 Ennofi·

227 1676 382 1722 gaeon
404 1671 451 1705 et
469 1657 776 1706 Sisichthona
798 1667 973 1724 poetae
994 1676 1178 1711 veteres
1201 1676 1249 1717 et
1273 1661 1493 1726 theologi
1512 1677 1633 1708 nun·

227 1740 546 1791 cupaverunt.

158 1810 213 1855 13
325 1795 473 1843 Fiunt
519 1810 682 1845 autem
723 1812 959 1848 terrarum
996 1816 1163 1849 motus
1203 1800 1364 1848 modis
1401 1813 1629 1865 quatuor.

225 1864 329 1913 Aut
345 1865 474 1913 enim
494 1865 775 1916 brasmatiae
799 1868 934 1931 funt,
979 1871 1063 1935 qui
1092 1871 1297 1917 humum
1315 1872 1360 1934 ¹)=
1383 1866 1630 1918 molestius

223 1933 522 1996 suscitantes,
554 1934 736 1984 sursum
759 1940 1041 2003 propellunt
1059 1938 1418 1989 immanissimas
1443 1938 1626 1985 moles:

224 2003 359 2050 utin
385 2002 497 2051 Afia
528 2004 681 2051 Delos
726 2007 939 2067 emerfit,
990 2022 1040 2059 ,et
1081 2008 1257 2067 I-Iicra,
1303 2020 1352 2054 et
1397 2007 1626 2071 Anaphe,

225 2086 272 2118 ct
305 2071 537 2134 Rhodus,
584 2072 804 2138 Ophiusa
834 2089 882 2122 et
914 2075 1107 2140 Pelagia
1135 2075 1382 2140 prioribus
1424 2074 1626 2123 saeculis

225 2133 468 2202 dimitam,
497 2160 645 2190 aureo
668 2143 918 2208 quondam
938 2144 1086 2192 imbri
1109 2143 1325 2209 perfusa,
1359 2159 1408 2207 et
1431 2143 1628 2192 Eleusin

223 2211 274 2256 in
304 2209 537 2271 Boeotia,
572 2225 618 2258 et
637 2211 768 2276 apud
801 2213 1082 2278 Tyrrhenos
1108 2214 1380 2274 Vulcanus,
1421 2212 1628 2262 insulae-

182 2319 185 2324 ,
224 2296 320 2343 que
350 2278 537 2343 plures:
583 2294 663 2327 aut
692 2281 933 2330 climatiae
947 2320 967 2346 ,1
989 2283 1073 2348 qui
1094 2283 1232 2330 limes
1256 2290 1450 2330 ruentes
1470 2297 1518 2330 et
1539 2282 1628 2329 ob-

219 2348 345 2412 liqui
364 2348 537 2411 urbes,
567 2348 813 2412 aedificia,
847 2365 1136 2416 montesque
1165 2351 1507 2416 complanant:
1544 2365 1628 2398 aut

221 2415 536 2483 chasmatiae,
589 2412 674 2483 qui
724 2418 972 2482 grandiori
1018 2435 1156 2470 motu
1183 2420 1435 2484 patefactis
1463 2418 1625 2467 subito

224 2485 507 2547 voratrinis,
542 2500 778 2534 terrarum
797 2503 955 2553 partes
981 2490 1272 2551 absorbent,
1305 2503 1360 2536 ut
1384 2489 1436 2534 in
1456 2488 1628 2535 Atlan-

228 2555 324 2601 tico
361 2555 483 2602 mari
511 2554 771 2621 Europaeo
810 2558 930 2607 orbe
969 2557 1220 2623 spatiosior
1259 2557 1435 2618 insula,
1489 2571 1537 2604 et
1571 2558 1623 2606 in

1413 2625 1624 2676 Criffaco
1660 2662 1661 2665 =

274 2782 313 2830 ι)
338 2781 408 2818 ΜΓ.
443 2782 622 2820 molestus.
