1727 3144
480 153 1014 199 PRA‘EFA'Tio.
1372 172 1463 202 xm

67 279 166 339 51]
205 273 343 343 quod
383 275 456 323 ibi
491 278 549 324 fit
587 276 637 323 in
678 290 793 324 nota
822 275 884 327 ad
923 293 1068 331 voees
1110 278 1242 324 Galli
1271 283 1467 342 periret

63 349 352 405 avunculus,
385 365 537 412 quum
567 364 620 393 ea
641 345 816 411 pagina
838 345 935 393 iani
968 359 1225 412 tantopere
1258 349 1467 411 anteces-

60 415 213 465 serit?
283 415 462 464 Nonne
482 414 773 463 indecorum
794 414 875 476 est,
909 415 1046 481 quod
1069 416 1120 462 in
1142 417 1224 464 illa
1246 415 1465 466 editione

60 484 292 533 scribitur
308 485 438 533 l'i'bro
457 503 588 534 xxv11
607 503 712 550 cap.
738 488 765 532 5
789 503 896 549 pag.
913 488 1010 532 484
1024 484 1087 532 ad
1105 504 1279 534 vocem
1298 490 1465 550 Ilffysta

61 553 144 620 [de
175 574 271 620 qua
301 555 617 602 Marcellinus
645 554 698 600 in
727 554 815 601 lib.
847 571 953 602 xvn
986 573 1094 619 pag.
1124 556 1286 618 14o]‘?
1310 576 1466 622 quum

0 634 1 647 ¹
60 624 148 671 ista
171 624 349 689 pagina
378 624 450 672 ibi
478 625 694 671 incurrat
722 624 774 670 in
803 623 986 671 librum
1023 642 1137 687 xv13
1169 640 1306 673 tanto
1327 626 1465 674 inde·

61 694 277 755 centius,
316 692 455 759 quod
483 693 728 741 Henricus
757 693 808 739 in
840 692 1057 742 editione
1086 693 1170 741 sua
1191 709 1322 743 recte
1346 696 1464 745 cita-

61 762 186 811 verit
209 781 318 828 pag.
349 766 460 810 104.
529 761 630 810 Etfi
648 762 874 827 profecto
893 763 985 811 hac
1008 767 1059 811 in
1095 782 1145 811 re
1179 783 1280 812 non
1307 765 1463 814 modo

60 832 362 896 negligenter
395 830 546 879 fuerit
573 845 805 896 apparata
835 831 921 879 ista
960 832 1140 896 editi03
1190 832 1279 881 sed
1317 835 1464 882 etiam

56 900 433 950 intolerabiliter
477 900 849 966 quodammodo
893 901 1078 963 audax,
1122 902 1288 950 nescio
1325 904 1465 952 cuius

58 969 365 1032 interventu,
410 985 466 1017 ut
498 969 638 1035 saepe
666 969 834 1018 citatio
865 971 927 1017 ab
974 971 1196 1020 Henrico
1240 972 1466 1035 immiffa,

59 1057 218 1104 nuper
244 1040 368 1088 fue1
358 1053 395 1087 it
425 1039 584 1088 deleta
614 1053 663 1087 et
694 1038 878 1087 omiss'a.
971 1040 1057 1088 Sic
1097 1060 1251 1106 quum
1294 1041 1467 1090 scribit

61 1107 350 1157 Henricus
338 1120 388 1156 m
418 1108 501 1157 sua
525 1108 742 1158 editione
764 1126 875 1174 pag.
902 1111 1026 1172 599,
1057 1129 1181 1177 quae
1206 1110 1424 1158 incidit
1412 1130 1466 1158 1n

59 1178 362 1243 principium
411 1178 528 1225 libri
565 1197 681 1240 xxx,
732 1179 823 1224 ubi
867 1178 1077 1227 ostendit
1124 1183 1467 1244 inexplicabile

59 1245 334 1295 subiectum
359 1265 450 1311 pro
469 1248 765 1311 inexpiabile
787 1247 949 1309 [Idem
976 1266 1112 1296 curor
1137 1250 1224 1295 lib
1258 1266 1325 1297 xv
1352 1267 1463 1313 pag.

60 1317 125 1363 55
146 1315 342 1377 insedit]
364 1315 479 1364 inde
500 1316 739 1380 posterior
757 1316 878 1364 haec
900 1316 1054 1362 editio
1076 1334 1182 1379 pag.
1206 1321 1303 1364 585
1326 1319 1468 1381 quin-

57 1397 158 1431 tam
179 1400 353 1432 vocem
377 1401 492 1430 cum
510 1382 757 1447 postremo
778 1400 953 1430 muner
958 1400 986 1429 0
1006 1385 1218 1448 expulit:
1260 1386 1379 1434 item
1412 1387 1464 1434 in

58 1467 175 1501 nota
209 1451 442 1517 sequente
475 1450 536 1498 de
567 1452 636 1520 τῷ
665 1453 940 1512 cuppediae
956 1470 1109 1515 quum
1127 1468 1266 1502 notet
1287 1455 1466 1503 Henri-

57 1540 144 1570 cus
177 1521 282 1587 [hic
315 1533 363 1568 et
393 1521 445 1567 in
473 1520 561 1567 lib.
589 1535 705 1566 xxvx
738 1536 847 1582 pag.
873 1521 993 1581 511]
1017 1521 1174 1567 voluit
1194 1524 1344 1572 frater
1362 1539 1465 1572 tan-

59 1605 165 1639 tum
196 1589 278 1638 edi
309 1590 411 1654 [hic
447 1602 495 1636 et
525 1588 577 1634 in
593 1588 682 1634 lib.
702 1590 860 1650 xxvi}
908 1587 1015 1635 Nec
1037 1587 1252 1649 adverti,
1285 1592 1375 1638 nifi
1395 1593 1464 1641 se·-

57 1661 159 1709 mel
187 1657 483 1719 mutaviss'e,'
510 1674 689 1721 nempe
725 1657 777 1703 in
806 1656 937 1703 libro
967 1675 1080 1704 xxxx
1110 1677 1217 1723 cap.
1254 1677 1343 1718 12,
1372 1663 1462 1710 ubi

56 1729 264 1777 notabat
281 1726 528 1775 Henricus
560 1725 621 1774 de
644 1727 798 1774 verbo
822 1727 1025 1790 recingi.
1101 1728 1244 1779 Certe
1272 1745 1462 1779 mutare

60 1798 298 1846 debuerat
316 1795 546 1845 vitiosum
566 1794 716 1856 illud,
752 1793 891 1860 quod
925 1796 1140 1843 occurrit
1169 1797 1221 1844 in
1251 1814 1368 1846 nota
1398 1802 1463 1848 ad

55 1867 175 1916 libri
196 1883 349 1915 xxvm
370 1884 477 1931 cap.
502 1867 532 1912 5
554 1883 660 1930 pag.
690 1867 788 1912 525
811 1882 955 1912 voces
978 1869 1040 1912 In
1058 1868 1217 1912 locam
1240 1872 1463 1920 Valentis

62 1939 243 1994 Iovini,
276 1934 364 1982 ubi
383 1933 553 1982 scribit
581 1935 628 1982 V
632 1932 802 1982 alefius
834 1933 1027 1994 [Movet
1056 1953 1135 1982 me
1166 1936 1336 2000 locus,
1374 1940 1462 2003 qui

61 2006 161 2054 est
149 2025 200 2052 m
226 2024 273 2070 p.
298 2007 420 2066 570]
442 2004 530 2052 ubi
549 2003 675 2050 nihil
700 2003 766 2051 est
787 2002 925 2068 quod
947 2002 1009 2049 ad
1028 2003 1156 2051 hanc
1190 2024 1292 2053 rem
1325 2007 1460 2070 facit,

57 2090 106 2124 et
134 2075 311 2140 pagina
341 2075 437 2136 507
458 2072 665 2121 incurrit
684 2073 920 2120 inlocum
942 2072 1058 2120 libri
1082 2077 1172 2136 25,
1206 2079 1353 2141 quem
1378 2077 1461 2124 ei·—

58 2145 202 2205 tavit3
233 2157 289 2206 111
309 2141 545 2203 nesciam,
583 2141 704 2206 quid
721 2141 853 2190 velit.
1184 2183 1187 2185 Α

155 2210 389 2260 Secundo
415 2212 740 2259 occurrebant
769 2211 822 2258 in
849 2209 1114 2260 Valefianis
1144 2227 1458 2259 commenta—

56 2283 142 2330 riis
171 2281 328 2346 aperti
360 2279 560 2346 quidam
595 2298 782 2328 errores
820 2279 935 2340 five,
956 2280 1324 2345 typothetarum
1360 2281 1457 2328 five

59 2351 206 2415 iplius
227 2348 509 2412 scribentis3
551 2367 676 2414 quos
705 2368 859 2415 quum
884 2351 989 2397 iure
1020 2348 1268 2414 sperarem
1299 2367 1462 2397 enien-

63 2419 207 2467 datos
237 2418 355 2498 effeg
396 2433 479 2466 aut
507 2418 674 2467 saltem
703 2418 838 2483 ligno
879 2419 1046 2484 aliquo
1087 2417 1458 2479 demonstratos,

60 2503 241 2537 tetrum
275 2487 325 2534 in
355 2487 562 2536 modum
593 2487 898 2553 deprehendi
926 2487 1027 2534 illic
1057 2505 1155 2535 non
1193 2486 1347 2534 modo
1372 2505 1458 2535 re—

58 2557 202 2606 lictos
231 2570 447 2615 veteres,
487 2557 572 2605 sed
603 2574 758 2605 novos
789 2557 1037 2622 acceffiss'e.
1122 2556 1206 2604 Sic
1231 2556 1362 2602 libro
1394 2573 1455 2605 xv

59 2645 167 2692 cap.
194 2635 222 2674 4
246 2625 286 2689 §.
306 2629 336 2674 4
358 2625 419 2674 de
437 2627 572 2674 finali
591 2627 886 2675 libramento
903 2624 1036 2690 apud
1066 2624 1339 2672 Henricum
1372 2643 1458 2671 no-

59 2697 274 2743 minatur
294 2695 541 2744 Antonius
559 2696 798 2744 Loisellus
811 2733 824 2758 ‚
851 2696 904 2743 in
925 2713 1052 2743 nova
1072 2692 1322 2741 Pan-illenfi
1354 2694 1456 2742 An-

61 2766 274 2812 toninus.
348 2765 431 2813 Sic
452 2766 582 2813 libro
608 2783 717 2813 xxx!
740 2784 847 2831 cap.
882 2768 936 2812 15
964 2776 1004 2826 ς
1036 2763 1171 2809 hubi
1190 2777 1382 2810 notatur
1397 2762 1455 2809 (10
