1727 3144
1480 181 1507 190 u-

1357 152 1369 167 1

245 193 664 225 CONSTANTIUS
697 193 1126 225 ETtULIANUs.
1200 180 1318 226 560.
1410 194 1505 226 210

145 337 165 342 ό
194 302 285 361 VI.
325 302 460 352 Haec
494 304 610 351 dum
653 322 741 370 per
785 304 983 352 Gallias·
1008 315 1266 366 agerentur
1303 303 1503 365 intente,
1531 325 1551 352 1

97 373 398 429 truculentus
430 391 512 421 rex
540 375 622 422 ille
660 373 932 435 Persarum,
986 371 1234 420 incentivo
1266 370 1508 421 Antonini

98 440 312 488 adventu
360 444 603 507 Craugalii
650 442 928 508 duplicato,
999 441 1174 489 ardore
1212 440 1506 489 obtinendae

2 534 24 564 2v
93 507 478 574 Mesopotamiae
511 516 740 577 flagrans,
794 511 912 576 dum
942 525 1104 576 ageret
1138 529 1251 557 cum
1291 512 1509 558 exercitu

92 582 268 642 procul
309 582 644 643 Constantius,
688 582 830 629 armis
869 580 1203 646 multiplicatis
1237 594 1285 627 et
1320 579 1506 626 viribus

20 667 28 706 j
92 649 364 697 transmiffo
387 650 686 698 sollemniter
709 650 940 713 Tigride,
979 649 1359 714 oppugnandam
1390 647 1509 696 ado-

17 715 30 761 ⁴.
87 715 214 765 ,ritur
244 719 501 782 Singaram
539 720 694 766 milite
739 718 945 784 usuique
987 718 1217 782 congruis
1260 718 1507 779 omnibus,

22 822 26 824 .
89 798 145 830 ut
171 786 502 847 aestimavere,
547 789 633 853 qui
663 788 947 852 regionibus
981 801 1260 853 praeerant,
1306 787 1504 834 abunde

0 852 20 908 ἓ
86 856 342 907 munitam,
412 857 563 905 Cuius
586 872 976 922 propugnatores
998 857 1100 904 viso
1122 856 1266 905 hoste
1295 855 1505 920 longissi-
1525 879 1555 908 2

12 972 20 980 ,
86 941 194 985 me,
226 924 396 972 claulis
424 926 559 973 ocius
581 928 763 992 portis,
792 927 1072 992 ingentibus
1093 926 1268 974 animis
1288 943 1374 990 per
1407 939 1506 972 tur-

86 1010 162 1040 res
193 992 534 1043 discurrebant
556 1011 603 1043 ct
627 996 800 1059 minas,
831 995 936 1044 saxa
958 1010 1309 1060 tormentaque
1327 994 1504 1047 bellica

85 1078 428 1127 congerentes,
461 1066 753 1132 cunctisque
777 1066 1085 1130 praestructis
1109 1065 1299 1112 stabant
1332 1080 1503 1110 omnes

84 1133 280 1194 armati,
311 1134 680 1183 multitudinem
712 1136 868 1201 parati
898 1136 1202 1201 propellere,
1239 1133 1278 1181 fi
1306 1132 1504 1180 moenia

83 1200 247 1250 subire
271 1203 503 1251 tentaffet.
968 1216 970 1218 '

176 1270 462 1319 Adventans
485 1273 651 1337 itaquo
679 1289 794 1334 rex,
838 1292 952 1321 cum
986 1292 1073 1337 per
1107 1272 1368 1337 optimates
1387 1267 1498 1318 suos
1519 1276 1551 1320 5

82 1340 285 1403 propius
319 1339 573 1404 admissos„
622 1343 871 1405 pacatiore
903 1343 1158 1406 colloquio
1189 1343 1386 1388 flectere
1418 1337 1500 1386 de-

81 1406 297 1455 fensores
333 1408 395 1454 ad
425 1408 563 1456 suum
595 1427 697 1456 non
733 1408 961 1474 potniss‘et
1001 1410 1287 1468 arbitrium,
1343 1406 1500 1473 quieti

85 1478 217 1524 diem
246 1480 491 1541 integrum
523 1477 689 1525 dedit:
739 1493 786 1533 et
818 1479 1085 1526 matutinae
1119 1479 1242 1525 lucis
1273 1476 1497 1536 exordio,

80 1546 217 1610 ligno
248 1565 333 1611 per
364 1549 647 1594 flammeum
676 1561 840 1594 erecto
869 1548 1128 1608 vexillum,
1172 1544 1497 1594 circumvadi-

76 1630 160 1662 ¹tur
197 1616 366 1663 civitas
403 1634 429 1662 a
470 1614 768 1679 quibusdam
809 1614 1106 1662 vehentibus
1152 1614 1325 1675 scalas,
1365 1614 1495 1663 *aliis

80 1684 492 1750 componentibus
513 1683 790 1744 machinas,
821 1682 1071 1747 plerisque
1105 1684 1310 1731 obiectu*
1335 1683 1497 1730 vinea-

81 1773 189 1802 rum
211 1755 587 1818 pluteorumque
608 1752 774 1813 tectis,
804 1752 898 1800 iter
919 1750 982 1799 ad
1000 1751 1320 1801 fundamenta
1343 1752 1496 1816 parie-

18 1860 25 1870 „
79 1838 182 1871 tum
203 1823 547 1887 quaerentibus
565 1819 905 1869 subvertenda.
979 1822 1164 1871 Contra
1193 1823 1316 1870 haec
1354 1821 1492 1885 oppi-
1511 1831 1542 1887 4

79 1891 194 1940 dani
243 1891 562 1956 superstantes
599 1890 981 1955 propugnaculis
1024 1890 1187 1952 celfis,
1241 1888 1492 1955 lapidibus

78 1961 267 2010 eminus
296 1962 608 2025 telorumque
638 1977 814 2024 genere
845 1960 981 2010 omni
1012 1959 1076 2008 ad
1105 1961 1340 2009 interiora
1365 1960 1495 2008 fero-

0 2082 3 2083 ⁷
81 2031 183 2079 cius
205 2029 252 2078 se
278 2029 605 2095 proripientes
637 2030 882 2076 arcebant.

0 2086 9 2152 l.
173 2099 239 2146 Et
273 2100 579 2164 pugnabatur
615 2113 792 2145 eventu
828 2096 1033 2162 ancipiti
1068 2095 1243 2144 diebus
1281 2095 1487 2160 aliquot,
1508 2110 1537 2155 5

0 2168 15 2240 ’ζ
73 2169 194 2218 hinc
241 2169 358 2216 inde
399 2168 564 2216 multis
599 2167 774 2215 amillis
810 2181 859 2216 et
901 2166 1189 2213 vulneratis:
1242 2165 1488 2230 postremo

0 2242 8 2255 '
56 2238 295 2286 'fervente
331 2238 653 2286 certaminum
691 2237 844 2297 mole,
901 2249 949 2282 et
989 2236 1350 2300 propinquante
1390 2234 1489 2279 iam

78 2307 302 2372 vespera,
356 2307 485 2353 inter
520 2305 768 2358 machinas
801 2307 962 2370 plures
996 2303 1224 2351 admotus
1257 2302 1378 2349 aries
1414 2318 1489 2349 ro-

78 2376 366 2424 bustiffimus
382 2375 699 2424 orbiculatam
719 2374 894 2422 turrim
904 2375 1107 2421 feriebat
1119 2374 1296 2420 ictibus
1312 2369 1486 2428 denlis,

77 2445 209 2493 unde
230 2445 487 2494 reseratam
508 2445 696 2492 urbemn
710 2443 900 2491 oblidio
925 2440 1175 2506 superiore
1210 2439 1482 2486 docuimus.

77 2514 162 2562 Ad
182 2533 330 2581 quam
351 2513 580 2563 conversa
602 2513 744 2578 plebe
766 2508 1090 2559 dimicabatur
1125 2506 1354 2556 artiffime
1372 2526 1381 2554 ;
1418 2508 1485 2555 fa·
1503 2511 1533 2555 6

78 2602 256 2650 cesque
277 2602 392 2631 cum
412 2582 567 2632 taedis
588 2581 869 2630 ardentibus
893 2594 939 2628 et
955 2578 1192 2626 malleolis
1206 2576 1265 2624 ad
1281 2594 1486 2624 exuren-

79 2653 196 2701 dum
207 2652 465 2701 imminens
478 2653 655 2702 malum
666 2650 885 2717 undique
897 2647 1216 2698 convolabant
1225 2684 1239 2712 ,
1270 2661 1361 2695 nec
1372 2648 1406 2713 ¹)
1418 2645 1485 2695 sa-

131 2816 168 2862 ι)
195 2816 316 2863 Steplt.
345 2829 420 2850 non
440 2815 654 2862 sagittarum.
