1727 3144
204 147 468 179 VALENT.
510 147 640 188 van·
686 148 759 178 ET
797 148 1083 179 GnA'rmN.
1156 135 1269 194 571.
1375 138 1466 180 521

67 275 162 321 que
192 255 433 321 dirempta
464 258 625 321 plures
652 256 754 320 agri
786 256 1010 321 populati
1050 254 1160 303 sunt
1189 273 1236 304 et
1276 259 1474 306 incenli.

67 327 204 373 Inter
230 344 354 390 quos
371 327 533 374 clades
562 327 810 374 eminuere
843 325 987 372 fundi
1021 324 1282 386 Petrenfis,
1331 327 1477 375 excisi
1497 329 1548 374 13

66 394 329 443 radicitus:
388 415 534 460 quem
567 396 812 443 Salmaces
843 394 1088 455 dominus,
1129 395 1282 442 Firmi
1310 396 1473 459 frater,

65 463 118 511 in
139 464 343 513 modum
363 465 498 512 urbis
524 464 764 513 exstruxit.
834 463 948 511 Hoc
969 462 1183 511 succeffu
1207 465 1363 527 yictOr
1385 466 1477 511 ela-

66 545 170 593 tus,
201 534 323 581 mira
341 535 598 582 velocitate
626 536 667 598 ⁹)
693 532 1033 581 Lamfoctense
1066 532 1305 597 oppidum
1334 550 1477 579 occu-

60 603 223 666 pavit,
250 603 377 651 inter
409 613 574 667 gentes
599 601 810 667 politum
834 601 1122 662 antedictas,
1163 602 1252 648 ubi
1281 601 1478 650 abunde

62 673 134 719 rei
153 672 365 720 cibariae
395 673 591 736 copiam
615 672 672 736 ¹⁰)
693 670 850 728 condi
877 671 1062 718 effecit:
1106 685 1175 731 ut,
1206 671 1242 718 fi
1273 688 1479 736 pergens

46 738 264 788 ,interius
284 742 627 788 alimentorum
649 737 923 791 offendisset
946 740 1256 802 paenuriam,
1287 740 1482 787 iuberet

62 826 88 855 e
114 811 394 874 propinquo
414 806 710 856 convectari·
753 802 758 806 ⁴
795 807 934 863 Quae
957 806 1075 867 dum
1098 809 1164 853 ita
1184 807 1478 872 procedunt,
1502 811 1553 864 14

59 876 291 926 Mascizel
321 877 555 941 reparatis
585 875 773 924 viribus
806 875 1062 923 nationum
1094 877 1366 924 confinium
1397 876 1478 923 ad-

58 946 291 995 minicula
313 946 540 1006 ductans,
573 943 795 992 conserta
813 962 959 1007 manu
990 963 1102 991 cum
1135 946 1332 1005 nostris,
1364 945 1479 992 fufis

60 1033 86 1062 e
107 1030 244 1080 parte
266 1014 466 1063 suorum
489 1014 731 1079 pluribus,
763 1011 865 1076 ipse
889 1014 1003 1078 equi
1029 1014 1316 1079 pernicitate
1337 1030 1479 1078 aegre

61 1084 343 1132 discrimine
361 1084 534 1131 mortis
555 1095 807 1146 exemptus
829 1081 908 1140 est.

152 1153 317 1202 Feffus
347 1151 588 1200 aerumnis
610 1150 791 1216 gemini
824 1149 1001 1214 proelii
1017 1149 1210 1197 Firmus
1226 1187 1240 1212 ,
1276 1150 1478 1217 imoque
1501 1157 1553 1202 15

59 1223 277 1271 aestuans
301 1220 470 1281 corde,
505 1218 711 1286 nelquid
740 1219 940 1266 ultimae
974 1218 1173 1266 rationis
1214 1220 1478 1282 omitteret,

58 1291 320 1341 Christiani
353 1291 474 1338 ritus
503 1289 734 1336 antistites
765 1302 989 1335 oraturos
1019 1305 1191 1350 pacem
1222 1307 1335 1334 cum
1360 1289 1484 1337 obfi-

61 1361 208 1408 dibus
239 1360 381 1408 milit.
467 1358 567 1415 Qui
588 1357 822 1422 quoniam
841 1355 1052 1420 suscepti
1073 1357 1254 1418 lenius,
1289 1357 1480 1421 pollici-

60 1431 198 1495 tique
228 1430 382 1478 victui
411 1445 627 1489 congrua
655 1426 920 1483 militibus,
958 1439 1012 1471 ut
1045 1439 1361 1489 pracceptum
1396 1427 1478 1489 est,

60 1500 187 1547 laeta
217 1499 425 1546 retulere
460 1494 713 1560 responsa:
749 1493 1013 1559 praemissis
1036 1495 1321 1542 muneribus
1346 1495 1481 1542 Mau-

64 1586 146 1615 rus
187 1567 288 1632 ipse
315 1565 550 1615 fidentius
577 1563 640 1611 ad
669 1563 947 1610 Romanum
979 1563 1480 1626 perrexeratducem,

61 1655 191 1702 equo
232 1635 445 1683 infidens
486 1647 601 1698 apto
645 1631 709 1679 ad
754 1631 990 1695 ancipites
1041 1630 1203 1679 casus:
1268 1651 1482 1698 cumque

61 1724 219 1770 prope
249 1704 476 1763 veniss'et,
517 1703 709 1765 fulgore
738 1699 986 1764 [ignorum
1018 1714 1066 1747 et
1094 1702 1304 1748 terribili
1342 1704 1481 1750 vultu

65 1773 337 1826 Theodofii
366 1772 698 1837 praestrictus,
758 1769 979 1817 iumento
1010 1769 1230 1818 defiluit:
1262 1785 1480 1822 curvata-

65 1862 160 1908 que
181 1843 370 1891 cervice
393 1841 533 1888 humi
558 1857 709 1903 paene
739 1837 926 1884 adfixus
942 1875 955 1898 ,
1000 1839 1325 1887 temeritatem
1345 1838 1480 1887 suam

63 1913 295 1961 flebiliter
324 1908 600 1969 incusabat,
638 1925 810 1971 pacem
844 1905 1146 1955 obsecrando
1180 1927 1292 1955 cum
1322 1909 1479 1955 venia.

64 1983 431 2045 Suseeptusque
464 1996 577 2025 cum
599 1976 765 2024 osculo
781 2013 794 2036 ,
831 1975 1140 2040 quoniamlid
1163 1976 1234 2024 rei
1256 1977 1479 2042 publicae
1506 1984 1557 2026 16

65 2049 403 2109 conducebat,
441 2047 624 2093 ·bonae
652 2043 754 2109 spei
795 2044 892 2090 iam
933 2045 1130 2108 plenus,
1194 2044 1481 2092 sufficientia

63 2119 293 2183 praebuit
312 2118 562 2164 alimenta:
597 2128 644 2162 et
668 2111 964 2177 quibusdam
993 2115 1283 2178 propinquis
1302 2113 1397 2160 suis
1418 2114 1482 2160 ad

68 2186 295 2234 obsidum
322 2186 479 2233 vicem
512 2183 693 2231 relictis
727 2182 973 2241 abscessit,
1023 2182 1267 2245 captivos,
1299 2196 1354 2228 ut
1374 2181 1484 2245 spo-

69 2255 338 2321 ponderat,
375 2251 680 2312 redditurus,
718 2268 840 2315 quos
875 2250 1041 2314 primis
1062 2252 1316 2296 turbarum
1349 2267 1483 2297 exor-

72 2326 165 2372 diis
193 2323 379 2388 rapuit:
426 2320 681 2384 biduoque
712 2319 818 2383 pos‘t
849 2319 1060 2366 Icolium
1096 2317 1364 2382 oppidum,
1400 2337 1483 2366 cu-

74 2395 147 2442 ius
184 2392 328 2457 supra
355 2390 611 2439 docuimus
639 2388 948 2448 conditores,
1009 2387 1235 2434 militaria
1265 2387 1395 2451 ligna
1435 2402 1483 2434 ct

73 2481 312 2511 coronam
331 2458 680 2509 sacerdotalem
702 2475 812 2504 cum
835 2456 1035 2504 caeteris
1066 2474 1189 2519 quae
1217 2456 1485 2520 intercepe-

76 2547 173 2595 rat,
204 2530 330 2578 nihil
353 2542 605 2577 cunctatus
626 2526 853 2590 restituit,
890 2540 943 2572 ut
965 2539 1277 2590 praeceptum
1307 2524 1385 2572 est.

126 2768 169 2813 0)
196 2765 259 2801 ΜΓ.
291 2767 360 2801 iam
390 2762 586 2800 Phocenfe.
638 2761 795 2811 10)Ms‚
825 2762 943 2796 randi,
995 2763 1044 2796 al.
1077 2761 1197 2796 eundi.
