1727 3144
516 184 904 217 tnntAuus.
978 168 1096 215 565.
1409 174 1504 232 571

202 296 467 350 optimatibus
499 296 785 349 adsignantur.
822 294 892 334 IX.
970 295 1172 334 Iovianus
1212 304 1323 334 metu
1366 311 1505 338 reram

201 368 407 394 novarum
422 369 499 408 per
527 357 692 407 Syriam
709 385 719 403 ,
755 354 972 402 Ciliciam,
1009 351 1318 405 Cappadociam
1346 363 1382 391 et
1414 360 1503 394 Ga..

197 413 345 452 latiam
370 416 555 452 celeriter
577 416 724 451 itinere
735 413 888 467 facto,
920 412 1118 464 Ancyrae
1142 424 1235 448 cum
1261 411 1305 449 V
1302 416 1497 451 arros-cza-

196 485 249 509 no
261 473 359 523 filio
380 474 544 526 infante
559 468 819 524 *confulatum
841 472 920 509 init
939 484 992 509 ac·
1012 483 1105 508 mox
1127 469 1400 521 Dadastanae
1431 485 1498 508 re-

189 533 366 582 pentina
386 540 513 569 morte
526 531 746 586 fungitur.
777 528 827 567 X.

79 648 158 720 Et
206 673 333 723 hanc
377 676 579 741 quidem
621 690 819 722 noctem
866 673 1002 719 nullo
1045 670 1258 720 fiderum
1302 671 1493 734 fulgore
1520 687 1536 715 1

13 756 17 760 ’
80 742 446 807 splendentem,
487 759 540 790 ut
581 743 701 790 solet
734 744 785 789 in
828 741 993 788 arduis
1037 744 1179 789 rebus
1222 755 1270 788 et
1312 740 1495 803 dubiis,

81 812 350 876 exegimus,
397 830 486 859 nec
527 811 696 859 sedere
726 828 978 876 quoquam
1011 810 1126 857 auso
1168 828 1257 857 nec
1296 812 1492 858 flectere

77 879 130 927 in
155 881 371 945 quietem
389 881 575 928 lumina
598 898 712 945 prae
735 881 928 927 timore.
1001 879 1096 926 Ubi
1131 897 1246 927 vero
1279 881 1494 944 primum

79 947 183 996 dies
205 949 460 1012 inclaruit,
492 950 733 998 radiantes
756 951 791 1015 ¹)
810 950 993 996 loricae
1021 949 1186 995 limbis
1220 949 1493 996 circumda-

77 1031 155 1066 tac
175 1018 373 1078 ferreis,
408 1034 455 1067 et
475 1018 666 1067 corusci
689 1020 911 1066 thoraces
934 1019 1078 1082 longe
1107 1017 1378 1081 prospecti,
1412 1017 1494 1064 ad·
1546 1078 1547 1081 Ἰ

79 1086 171 1135 ess'e
199 1088 324 1152 regis
359 1089 527 1154 copias
561 1087 861 1136 indicabant.
946 1086 1156 1151 Hocque
1183 1085 1286 1134 viso
1323 1104 1492 1134 accen·
1514 1104 1546 1135 2

75 1154 208 1218 sum,
252 1156 293 1222 ²)
319 1172 665 1223 properantem
711 1154 947 1221 congredi
986 1156 1193 1202 militem
1231 1153 1492 1202 dirimente

75 1226 228 1273 fluvio
259 1227 398 1274 brevi
430 1225 689 1292 prohibuit
727 1226 1027 1290 Imperator:
1092 1238 1140 1271 et
1184 1242 1282 1270 non
1318 1223 1494 1288 procul

76 1312 104 1341 a
136 1294 267 1341 vallo
296 1294 403 1359 ipso
434 1296 561 1342 inter
596 1293 925 1342 excursatores
958 1293 1143 1341 nostros
1181 1307 1227 1339 et
1271 1292 1491 1339 Perficos

74 1364 268 1427 proelio
291 1364 390 1411 acri
409 1363 660 1424 conserto,
713 1363 1061 1410 Machamaeus
1093 1361 1273 1409 cecidit
1314 1361 1491 1408 ductor

50 1432 220 1478 ¹unius
252 1433 457 1496 agminis
491 1432 655 1480 nostri.
745 1433 837 1479 Cui
869 1445 1261 1496 propugnaturus
1290 1430 1492 1489 Maurus

74 1500 250 1560 frater,
287 1499 385 1547 dux
413 1502 575 1565 postea
606 1500 908 1560 Phoenices,
949 1519 1062 1547 cum
1097 1500 1313 1563 germani
1344 1499 1494 1545 truci-

77 1568 228 1616 daffet
259 1569 649 1630 interfectorem,
690 1570 894 1616 obvium
927 1585 1172 1633 quemque
1203 1582 1491 1630 perterrens,

75 1638 347 1685 infirmatus
370 1652 418 1685 et
436 1636 538 1702 ipse
560 1638 821 1684 humerum
842 1638 939 1684 telo
954 1673 966 1697 ,
1002 1635 1342 1700 pallescentem
1365 1653 1493 1682 nior-

75 1720 122 1755 te
149 1707 424 1773 propinqua
447 1706 822 1754 Machamaeum
841 1705 1092 1754 extrahere
1114 1722 1275 1769 pugna
1302 1705 1492 1753 viribus

78 1777 230 1823 valuit
255 1777 457 1838 magnis.

175 1844 237 1891 Et
258 1863 373 1891 cum
394 1842 670 1892 fatiscerent
695 1844 778 1891 vix
799 1840 1050 1889 toleranda
1075 1842 1290 1890 aestuum
1313 1841 1494 1906 magni·
1512 1846 1540 1889 5

79 1913 248 1961 tudine
268 1914 551 1978 crebrisque
572 1912 901 1978 congreffibus
942 1925 1125 1975 partes,
1167 1911 1231 1959 ad
1264 1912 1493 1958 ultimum

77 1982 276 2030 hostiles
306 1997 490 2030 turmae
516 1982 648 2046 gravi
672 1982 780 2028 sunt
803 1981 989 2045 repulsa
1027 1980 1277 2029 discuss'ae.
1361 1980 1491 2026 Hinc

81 2052 423 2100 recedentibus
455 2052 597 2099 nobis
627 2051 847 2115 longius,
890 2049 925 2115 ³)
950 2050 1181 2098 Sarac-eni
1217 2049 1492 2096 nostrorum

78 2135 214 2168 metu
236 2120 458 2185 peditum
480 2119 712 2185 repedare
731 2118 994 2184 compulsi,
1032 2121 1199 2184 paullo
1231 2118 1392 2182 postea
1424 2117 1494 2160 in-

81 2189 193 2237 nexi
222 2187 473 2235 Persarum
492 2188 806 2237 multitudine
832 2189 982 2235 tutius
1012 2189 1287 2247 irruebant,
1320 2185 1495 2232 Roma-

80 2276 141 2305 na
162 2256 515 2322 impedimenta
539 2258 750 2322 rapturi:
785 2275 954 2306 verum
975 2256 1077 2305 viso
1107 2257 1407 2319 Imperatore
1429 2250 1494 2298 ad

81 2328 177 2374 alas
198 2325 502 2374 subfidiarias
531 2340 848 2375 reverterunt.
921 2327 1031 2383 Qua
1063 2344 1119 2372 ex
1155 2324 1353 2387 regione
1383 2338 1494 2385 pro·
1514 2327 1544 2381 4

80 2395 198 2443 fecti
221 2395 283 2442 ad
308 2395 595 2443 Hucumbra
624 2395 822 2443 nomine
843 2395 1006 2443 villam
1037 2393 1344 2458 pervenimus
1365 2408 1373 2435 :
1406 2389 1495 2435 ubi

81 2482 169 2529 per
191 2463 397 2511 biduum
421 2464 649 2512 omnibus
673 2463 735 2510 ad
756 2463 888 2511 esum
908 2463 1161 2527 congruis,
1201 2473 1247 2506 et
1278 2458 1495 2505 satietate

85 2533 296 2598 quacfita
330 2533 562 2582 frumenti
595 2533 720 2580 ultra
761 2533 897 2598 spem
938 2531 1139 2581 reci-cati
1172 2527 1494 2575 discellimus:

788 2604 944 2651 Aa2

136 2765 168 2802 1)
203 2760 271 2795 Ms.
303 2760 439 2797 loricae
473 2761 606 2796 nimbis
642 2760 814 2796 tircutnd.
884 2762 917 2804 2)
949 2756 1017 2793 ΜΓ.
1056 2756 1310 2804 proferentem.
1363 2752 1400 2798 5)
1427 2748 1494 2786 Ml.

87 2808 255 2842 Saraceni
283 2806 364 2842 sunt
395 2819 430 2844 et
455 2808 672 2844 nostrorum.
1065 2814 1067 2817 “
