1727 3144
373 165 702 196 Animiaxl
773 140 1267 197 MananLiixw.
1427 169 1529 202 cvn

122 275 191 322 l'e
200 272 493 338 prodidiss'et
523 275 797 336 Graecum,
835 287 883 323 et
913 275 1142 321 militem:
1185 274 1329 322 facile
1364 290 1529 327 tamen

66 389 70 393 ,
121 343 280 407 quivis
302 342 565 405 iudicaret,
596 344 798 392 Latinae
815 343 1080 393 locutionis
1108 344 1390 392 facultatem
1429 365 1528 395 nou

122 411 214 459 effe
242 412 288 459 ei
307 413 548 476 nativam,
584 429 665 460 aut
688 412 930 461 forensem
965 413 1296 478 eloquentiam
1327 415 1530 463 minime

121 480 257 528 fuiss'e
285 451 548 530 sectatum’:
592 483 716 531 adeo
743 479 1054 549 hypeflaatis,
1092 481 1428 548 fynehefibus‚
1485 499 1534 532 et

121 549 227 598 aliis
247 551 428 599 fluidae
454 552 687 600 orationis
715 553 879 599 naevis
911 550 1143 615 abundat.
1223 552 1324 600 Sed
1355 553 1533 601 milita-

121 618 184 665 ris
210 621 300 667 viri
318 619 480 669 senfiis
504 623 722 687 quamvis
741 621 1008 686 incompti,
1042 635 1206 669 tamen
1230 621 1380 670 validi
1404 621 1529 670 sunt.

118 687 286 735 Verba
314 691 517 755 quidem
549 693 650 740 fere
683 691 857 738 Latina
896 689 987 738 effe
1028 708 1128 738 non
1167 691 1393 755 negabit,
1445 692 1532 756 qui

115 756 334 821 linguam
372 758 598 806 Latinam
640 761 797 825 exiget
834 778 934 807 non
974 759 1035 806 ad
1072 759 1347 825 praesentes
1386 779 1534 824 angue

118 826 252 888 l'tias,
300 826 382 876 fed
415 828 477 875 ad
508 831 782 877 ubeitatein
812 844 1052 891 veteieni,
1102 843 1150 876 et
1181 829 1244 876 ad
1284 830 1534 895 praeelaia

118 896 434 961 antiquoium
455 913 802 954 monumenta,
827 899 1007 964 quibus
1029 917 1110 945 cai
1115 917 1269 960 emus,
1306 906 1532 964 quaeque

115 962 199 1012 ille
220 964 433 1028 videiat,
466 986 520 1015 ac
543 962 756 1016 studiose
787 955 984 1016 lectitav
974 981 1104 1016 erat.
1189 969 1399 1017 Giaeca
1410 986 1537 1033 puia

116 1033 196 1081 vix
228 1034 464 1084 inteiiicit
494 1037 584 1083 nifi
610 1052 836 1098 coactus,
882 1051 930 1085 et
961 1056 1075 1085 cum
1106 1036 1446 1085 admonitione
1478 1055 1535 1084 ac

116 1104 435 1166 praefatione.
510 1101 804 1164 Hellcnismi·
819 1107 1009 1171 saepius
1037 1121 1304 1154 occurrunt
1329 1124 1391 1154 ex
1414 1120 1535 1153 tem-

115 1173 250 1234 poris
280 1174 410 1222 illius
440 1175 653 1223 licentia.
736 1175 1041 1240 Compositio
1086 1176 1202 1222 alias
1241 1175 1306 1223 est
1356 1192 1536 1223 conve-

116 1240 255 1289 niens
276 1242 544 1305 Historiae,
579 1262 703 1310 quae
726 1245 910 1309 (iuquit
932 1246 1138 1309 Fabius)
1165 1252 1362 1291 currere
1385 1242 1535 1290 dehet

117 1327 172 1356 ac
195 1311 338 1358 ferri:
371 1313 486 1359 alias
507 1327 669 1359 autem
690 1313 739 1359 in
764 1312 971 1359 salebras
986 1349 998 1372 ‚
1029 1326 1076 1359 et
1106 1311 1328 1374 asperum
1352 1330 1406 1358 ac
1427 1330 1535 1376 per-

115 1378 315 1442 plexum
340 1378 617 1427 sermonem
643 1381 938 1440 revolvitur,
984 1398 1038 1426 ac
1069 1381 1194 1427 male
1226 1380 1293 1427 ita
1328 1399 1535 1444 compo-

119 1446 217 1508 nit,
249 1462 302 1494 ut
322 1448 413 1495 nifi
431 1448 606 1496 vitium
625 1448 682 1495 lit
702 1449 753 1494 iu
783 1450 1065 1512 Scriptura,
1103 1449 1209 1495 iure
1241 1447 1433 1496 dicatur
1466 1451 1536 1498 fe-

118 1515 231 1564 ciffe
271 1517 580 1582 ambiguum,
627 1531 864 1581 quantum
904 1517 956 1571 in
997 1516 1104 1580 ipso
1149 1518 1258 1566 fuit.
1349 1518 1535 1566 Incidit

119 1586 267 1632 etiam
295 1586 346 1632 in
380 1586 510 1633 illius
540 1585 750 1648 exempli
778 1584 978 1644 vitium,
1019 1583 1157 1648 quod
1187 1604 1213 1631 a
1244 1586 1400 1634 Fabio
1422 1606 1536 1650 pro-

116 1654 274 1701 fertur
306 1655 393 1702 lib.
423 1671 540 1702 vul.
573 1671 679 1718 cap.
713 1670 759 1699 2.
791 1671 904 1700 cum
940 1649 1049 1717 quis
1076 1653 1223 1715 dicit,
1255 1656 1413 1716 viliam
1431 1658 1535 1718 ase

118 1724 294 1770 libram
312 1726 558 1771 hominem
562 1720 875 1787 scribentem.
910 1721 1052 1787 (haec
1074 1723 1140 1769 est
1161 1723 1291 1769 enim
1324 1720 1537 1772 colloca-

119 1792 191 1839 tio
223 1794 487 1841 verborum
517 1793 696 1858 Fabii.)
776 1791 903 1839 Nam
936 1791 1121 1838 etiamst
1148 1793 1334 1839 librum
1362 1793 1423 1840 ab
1443 1794 1535 1841 ho·-

112 1861 251 1909 mine
274 1861 424 1910 scribi
455 1876 645 1927 pateat,
682 1861 808 1909 male
847 1875 1007 1909 tamen
1038 1860 1409 1925 composuerat,
1463 1863 1538 1909 in«

121 1931 229 1994 quit
259 1931 358 1979 ille.
440 1932 573 1979 Huic
604 1945 767 1979 autem
797 1929 978 1977 adfinia
1022 1929 1113 1978 effe
1151 1931 1202 1977 in
1243 1934 1535 1980 Marcellino

118 2001 366 2065 exempla,
409 2002 600 2050 Scholia
635 2002 799 2061 instra
830 1999 1128 2064 probabunt.
1210 1999 1271 2046 Id
1298 2014 1346 2048 et
1367 2019 1423 2048 ex
1454 2020 1535 2048 an-

71 2062 75 2066 *
119 2067 315 2116 tedictis
335 2069 512 2132 caufis,
549 2085 596 2119 et
614 2070 821 2117 maxime
849 2083 1048 2133 propter
1076 2067 1288 2133 segetem
1310 2088 1534 2118 errorum

122 2155 176 2184 ac
204 2138 522 2198 mendarum,
566 2151 690 2205 quae
721 2139 772 2186 in
803 2138 905 2186 eius
938 2138 1152 2186 Historia
1174 2138 1340 2203 paffim
1365 2157 1536 2186 occur-

120 2221 262 2267 runt,
300 2209 585 2272 contingere
625 2207 762 2256 solet
852 2206 1020 2255 Verba
1059 2206 1190 2255 enim
1228 2207 1511 2268 inverl'a,e

121 2277 349 2338 traiecta,
380 2277 682 2342 interruptae
715 2276 1007 2338 sententiae,
1050 2291 1098 2324 et
1118 2276 1347 2324 confusae
1375 2292 1538 2323 nana-

122 2345 280 2392 tiones
298 2314 614 2395 iriveniuntut
633 2345 914 2412 saepissime,
953 2361 1000 2394 et
1020 2346 1279 2394 Lectoieni
1294 2358 1533 2392 aventunt.

127 2416 267 2478 Quae
288 2432 386 2462 uon
410 2430 510 2463 tam
530 2416 785 2473 Auctoris,
822 2434 970 2482 quam
991 2415 1225 2479 temporis
1241 2451 1254 2476 ,
1283 2432 1337 2460 ac
1362 2412 1538 2461 descri-

123 2483 349 2530 bentium
378 2485 496 2532 vitia
523 2483 648 2532 sunt.
729 2485 798 2533 Ea
829 2503 918 2533 nos
947 2484 1156 2533 maxima
1185 2501 1241 2531 cx
1280 2496 1417 2546 parte
1453 2496 1537 2530 aut

127 2550 425 2616 sanavimus,
448 2568 543 2601 aut
568 2553 909 2601 indicavimus.

225 2621 352 2668 Sunt
359 2623 460 2688 qui
480 2626 826 2671 Jrlarcellinum
848 2623 1145 2681 existiment,
1180 2637 1335 2667 unum
1357 2635 1413 2666 ex
1434 2635 1540 2665 om-

128 2686 288 2736 nibus
301 2709 462 2739 rerum
492 2692 827 2758 Sciiptoribus
874 2694 1095 2739 Tacitum
1129 2689 1219 2735 libi
1248 2687 1310 2736 ad
1346 2688 1540 2735 intuen-

135 2754 251 2803 dum
281 2774 328 2807 et
354 2760 646 2810 imitandum
679 2759 993 2826 pioposuiffe.
1074 2758 1142 2805 ,C
1120 2776 1179 2822 „30
1211 2756 1347 2823 quod
1380 2773 1537 2804 exem-
