1727 3144
219 124 315 178 518
457 139 734 183 minuam
764 148 1156 180 MARciszui
1196 148 1348 192 xxix,
1389 136 1434 179 4.
1470 136 1515 179 5.

181 265 206 305 7

204 1360 221 1388 1

200 1640 223 1666 ΣΞ,

224 256 502 317 flammatis,
539 256 686 304 rediit
707 257 948 304 Treveros
976 258 1189 305 maestus.
1265 256 1362 303 Ubi
1388 271 1640 322 tamquam

224 326 304 375 leo
326 328 390 371 ob
411 343 610 373 cervum
634 326 851 372 amillitm
875 327 950 373 vel
981 344 1204 391 capream
1238 325 1422 373 morsus
1455 343 1641 373 vacuos

228 398 548 459 concrepans,
588 394 705 440 duni
734 395 942 442 hostium
975 395 1173 442 disiecta
1202 395 1445 457 frangeret
1478 396 1642 459 timor,

228 462 279 510 in
316 462 551 510 Macriani
599 464 765 515 locum
803 464 1252 524 Bucinobantihus,
1303 482 1426 528 qnae
1472 479 1643 511 contra

230 531 603 594 Mogontiacum
647 550 762 595 gens
807 533 872 579 est
911 534 949 598 ⁸)
983 535 1270 592 Alamanna,
1309 551 1471 596 regem
1502 533 1646 581 Frao-

230 601 439 648 marium
474 601 743 649 ordinavit:
789 620 934 666 quem
967 603 1129 667 paullo
1176 602 1362 666 postea,
1411 602 1646 666 quoniam

231 687 398 715 recens
420 669 642 717 excursus
674 672 899 718 eumdem
930 672 1121 736 penitus
1151 670 1414 717 vastaverat
1452 689 1645 734 pagum,

231 738 284 783 in
314 739 354 802 ⁹)
377 739 635 791 Britannos
667 741 951 787 translatum
998 739 1229 805 potestate
1271 740 1482 800 tribuni,
1539 740 1649 787 Ala-

233 825 526 854 mannorum
557 809 853 871 praefecerat
897 826 1133 867 numero,
1180 807 1494 855 multitudine
1536 808 1649 856 viri-

233 875 425 940 busque
449 895 501 923 ea
523 877 803 939 tempestate
834 880 1057 924 florenti:
1104 876 1417 923 Bitheridum
1447 894 1567 924 vero
1601 891 1649 926 et

234 942 526 995 Hortarium
555 945 763 990 nationis
797 944 1014 991 ciusdem
1054 946 1280 1008 primates
1321 946 1438 992 item
1483 963 1648 1010 regere

235 1012 415 1059 milites
441 1012 588 1058 iullit:
624 1030 648 1058 e
675 1012 852 1075 quibus
879 1013 1165 1069 Hortarius,
1203 1012 1424 1077 proditus
1459 1016 1650 1062 relatio-

235 1097 297 1125 ne
321 1079 557 1128 Florentii
578 1081 634 1144 10)
657 1082 947 1129 Germaniae
969 1081 1130 1142 ducis,
1165 1096 1334 1128 contra
1366 1100 1464 1138 rem
1497 1084 1653 1147 punli.

237 1165 346 1193 cam
371 1149 608 1213 quaedam
631 1150 690 1195 ad
727 1151 1030 1197 Macrianum
1060 1149 1288 1214 l'cripfiffe
1322 1153 1651 1217 barbarosque

240 1216 527 1279 optimates,
559 1219 755 1273 veritate
776 1220 1030 1272 tormentis
1059 1219 1295 1286 express'a2
1335 1222 1652 1285 conflagravit

241 1287 437 1332 flamma
459 1289 667 1350 poenali.
1127 1286 1130 1289 ’

353 1356 414 1405 V.
457 1357 656 1404 Abhinc
694 1359 819 1405 inter
844 1359 880 1424 ¹)
922 1364 951 1391 *‘
1019 1364 1048 1392 *
1117 1364 1146 1392 *
1214 1363 1243 1390 *
1310 1363 1338 1390 *
1409 1358 1651 1422 proximo,

241 1421 364 1473 liaeo
386 1427 663 1474 narratione
688 1427 848 1478 differi
886 1428 1115 1475 continua
1156 1427 1360 1492 placuit,
1402 1433 1492 1485 ne]
1533 1428 1653 1475 dum

240 1494 450 1555 negotiis
496 1495 642 1559 longe
693 1497 911 1544 discretis
951 1511 996 1543 et
1033 1497 1156 1544 locis
1188 1497 1273 1542 alia
1323 1494 1652 1560 subseruntur,

241 1563 460 1625 cognitio
483 1565 738 1629 multiplex
757 1564 1014 1613 neceffario
1040 1565 1384 1612 confundatur.
1636 1615 1639 1618 s

340 1630 507 1679 Nubel
539 1635 672 1681 velut
701 1635 894 1697 regulus
929 1653 1014 1699 per
1044 1636 1266 1682 nationes
1294 1633 1536 1680 Mauricas
1570 1650 1657 1698 po.-

241 1699 527 1749 tentillimus
556 1703 656 1750 vita
691 1703 998 1767 digrediens,
1048 1718 1096 1750 et
1123 1704 1366 1767 legitimos
1398 1716 1444 1750 et
1471 1716 1608 1749 natos
1628 1718 1654 1751 e

242 1771 533 1817 concubinis
555 1773 752 1836 reliquit
775 1773 933 1820 filios:
979 1791 1004 1820 e
1031 1772 1208 1836 quibus
1237 1772 1440 1818 Zam—ma
1470 1770 1657 1818 Comiti

241 1837 441 1883 nomine
470 1839 692 1888 Romano
725 1855 975 1905 acceptus,
1021 1842 1226 1888 latenter
1257 1860 1283 1887 a
1312 1841 1459 1888 fratre
1486 1840 1654 1888 Firmo

240 1919 540 1969 peremptus,
572 1908 841 1957 discordias
864 1910 1089 1957 excitavit
1113 1924 1159 1957 et
1172 1910 1314 1956 bella.
1384 1909 1501 1955 Eius
1522 1908 1655 1955 enim

239 1988 413 2019 necem
445 1973 932 2042 ulcisci-impenfiore
965 1978 1125 2024 studio
1159 1994 1425 2040 properans
1458 1972 1654 2038 ComeS,

240 2038 305 2086 ad
326 2040 618 2088 infidiatoris
640 2044 907 2106 perniciem
938 2045 1090 2090 multa
1120 2045 1280 2090 ciebat
1310 2057 1357 2091 et
1386 2044 1656 2092 formidari·
1701 2065 1706 2070 ·

243 2105 320 2156 da.
393 2108 557 2173 thue
580 2129 800 2159 rumores
824 2110 1116 2159 distulerunt
1135 2111 1321 2159 adfidui
1337 2149 1349 2172 ,
1387 2114 1654 2162 navabatur

243 2193 393 2241 opera
427 2177 633 2243 diligens
662 2181 713 2227 in
747 2181 954 2246 palatio,
991 2180 1200 2227 Romani
1235 2180 1437 2245 quidem
1464 2183 1655 2230 relatio-

239 2263 326 2292 nes
343 2284 356 2307 ,
389 2248 540 2295 multa
562 2262 609 2295 et
629 2247 791 2313 aspera
809 2263 1126 2312 congerentes
1148 2250 1198 2296 in
1221 2250 1468 2312 Firmum,
1496 2252 1654 2298 liben-

240 2327 314 2361 ter
342 2313 521 2380 suscipi
555 2317 843 2381 recitarique
873 2317 1118 2382 Principi,
1158 2319 1210 2364 in
1238 2337 1402 2366 earum
1431 2319 1651 2367 favorem

240 2384 615 2432 concinentibus
640 2387 831 2436 multis:
864 2405 915 2434 ea
938 2405 1050 2434 vero
1066 2424 1079 2449 ,
1113 2406 1236 2451 quae
1260 2401 1428 2435 contra
1457 2389 1649 2435 Firmus

237 2449 403 2499 salutis
425 2454 634 2502 tuendae
655 2455 803 2519 gratia
835 2455 1045 2504 docebat
1078 2457 1250 2503 crebro
1281 2474 1367 2520 per
1395 2455 1532 2518 suOS,
1575 2475 1652 2505 ac-

240 2535 381 2587 cepta
417 2521 600 2572 diutius
644 2524 903 2577 occultari:
953 2525 1176 2589 Remigio
1217 2539 1332 2573 tunc
1374 2525 1651 2573 officiorum

286 2711 321 2747 8)
348 2706 417 2745 MI‘.
444 2707 668 2746 Alamannia.
745 2710 765 2755 )
800 2709 868 2744 ΜΓ.
898 2711 1091 2746 Britannos
1119 2710 1243 2751 latum,
1312 2717 1366 2753 ιο)
1394 2711 1462 2749 ΜΓ.
1502 2691 1650 2749 Germa-

241 2751 356 2786 niaca.
411 2758 440 2799 ι)
467 2755 538 2790 Hic
571 2757 607 2790 iu
626 2754 694 2789 ΜΓ.
742 2769 854 2791 aetina
885 2758 990 2792 trium
1020 2758 1203 2794 linearum.
