1727 3144
218 203 339 237 nvi
475 188 780 253 HssAnn'lAM
813 184 1063 234 vinnm
1094 201 1450 234 PRAEFATIO

221 314 358 362 ribus
401 309 599 361 recitata
642 312 843 360 Senatus
885 312 1204 377 Populusque
1250 312 1498 360 Romanus
1536 332 1616 360 au-

220 382 411 431 diebat:
460 395 516 428 ut
553 381 749 429 testatur
789 380 1081 429 Fortunatus
1120 383 1269 429 Italus
1296 382 1346 428 in
1384 383 1500 428 libri
1542 399 1614 428 111.

217 452 445 500 Carmine
481 469 632 499 xxm.
678 450 737 498 de
780 449 1022 515 opusculis
1057 465 1104 497 et
1137 451 1496 514 epigrammatis
1536 468 1617 498 co-

177 530 181 533 ’
215 520 456 568 thurnatis
501 538 555 567 ac
595 517 794 566 tumidis
838 519 1207 567 Bertechram'ni
1259 519 1617 584 Burdigalenfis

215 588 450 654 Episcopi
470 589 610 637 hisce
641 589 825 649 verbis,
862 587 1083 635 indicans
1116 601 1162 634 et
1191 587 1356 636 Poetis
1396 589 1481 652 qui
1520 589 1621 653 pla-

218 658 443 719 cuiss'ent‚
489 677 514 705 a
541 658 724 706 Senatu
753 650 940 706 calceos
972 657 1066 705 filis
1099 657 1255 709 aureis
1293 671 1489 705 oinatos
1513 657 1620 706 dari

221 726 534 775 consuevisse.

290 798 390 847 Vix
411 799 551 843 modo
573 807 676 843 tam
694 797 847 844 nitido
858 797 1100 859 pomposa
1112 800 1352 857 poemata
1375 798 1499 843 cultu

242 866 244 869 ’
355 866 510 913 Audit
532 868 749 912 Traiano
770 869 936 913 Roma
956 867 1171 912 verenda
1177 867 1313 926 foro.

290 936 499 994 Quodsi
517 938 611 981 tale
630 939 770 981 decus
787 929 1024 998 7·ecitciffi?.9
1043 953 1164 981 aare
1186 937 1417 981 Senatus:

355 1005 607 1066 Straviffet
613 1007 803 1067 plantis
823 1005 1085 1064 aureafila
1107 1006 1214 1049 tais.

214 1071 435 1120 Studiofi
457 1086 503 1119 et
526 1071 660 1120 docti
686 1071 929 1138 quidquid
953 1070 1356 1136 composuerant,
1388 1070 1630 1118 ΡιῸοειἛέ

218 1140 422 1205 quidem
451 1160 505 1188 ac
534 1142 803 1206 locupletes
831 1140 966 1188 domi
1004 1159 1130 1187 nunc
1162 1158 1250 1204 per
1279 1139 1352 1201 fe,
1386 1158 1513 1186 nunc
1534 1157 1622 1203 per

213 1209 451 1271 lectorem
471 1227 637 1257 coram
666 1209 831 1257 amicis
860 1209 1072 1256 invitatis
1103 1209 1398 1255 recitabant:
1437 1208 1625 1255 medio-

217 1295 322 1325 cres
359 1295 474 1325 vero
508 1296 561 1324 ac
593 1292 758 1325 tenues
788 1279 838 1324 in
874 1278 1076 1325 aedibus
1118 1277 1454 1341 Optimatum‚
1509 1294 1624 1323 con-

220 1345 380 1394 ductis
419 1343 655 1393 subselliis
698 1355 745 1392 et
775 1347 1053 1392 anabathris
1086 1346 1376 1408 J'pulpitisve.
1462 1345 1626 1392 Priva-

218 1429 379 1462 tarum
433 1414 770 1461 recitationum
827 1414 1129 1461 mentionem
1182 1414 1299 1475 facit
1357 1414 1623 1462 Suetonius

220 1483 539 1548 Tranquillus
578 1483 630 1529 in
670 1481 878 1530 Claudio
907 1482 1065 1545 capite
1106 1500 1205 1529 XLI.
1254 1482 1398 1530 Caius
1436 1482 1624 1530 Plinius

218 1552 476 1600 Secundus
497 1550 663 1614 paffim
682 1551 731 1596 in
753 1550 890 1595 libris
911 1550 1233 1613 Epistolarum
1248 1589 1261 1608 ‚
1302 1566 1348 1598 et
1382 1551 1625 1600 Iuvenalis

218 1621 270 1667 in
292 1622 393 1667 Sat.
433 1637 471 1665 1.
501 1632 548 1665 et
570 1634 658 1665 vn.
690 1618 774 1681 qui
797 1618 1095 1664 Frontonem
1120 1619 1435 1668 recitantibus
1458 1620 1624 1669 Poetis

217 1689 437 1753 po1ticus
469 1686 575 1734 suas
605 1704 899 1733 marmoreas
925 1684 1303 1735 comniodaville
1331 1688 1523 1750 scribit,
1577 1704 1626 1737 et

218 1758 269 1803 in
291 1757 367 1803 his
389 1755 679 1805 conseffibus
702 1754 939 1820 quosdam
958 1753 1124 1802 solitos
1160 1756 1248 1803 csse
1280 1757 1474 1821 disponi
1539 1759 1627 1823 qui

217 1825 510 1891 plaudeient
541 1838 588 1871 et
622 1824 806 1888 magnis
841 1824 1044 1870 vocibus
1070 1826 1405 1873 acclamalent.
1531 1841 1550 1874 t
1571 1827 1626 1875 iu

220 1895 321 1942 Sat.
359 1912 430 1941 111
475 1893 575 1958 ipse
620 1893 808 1958 Aquini
846 1894 931 1939 ubi
969 1908 1107 1940 natus
1150 1909 1276 1952 erat,
1319 1894 1483 1942 latitas
1515 1894 1621 1942 suas

218 1962 553 2028 1ffuaesentibus
583 1963 749 2009 amicis
781 1980 902 2027 quos
935 1980 1237 2011 convocaven
1242 1979 1314 2028 at
1359 1963 1623 2012 iecitavissc
1680 1982 1690 1991 ·

219 2031 268 2079 sc
298 2033 389 2078 ait:
428 2046 475 2079 et
502 2049 672 2095 magna
703 2032 973 2096 frequentia
1007 2051 1279 2097 magnoque
1308 2032 1515 2080 success'u
1550 2048 1623 2081 ter

219 2100 414 2148 auditus
436 2101 527 2148 est:
559 2098 695 2165 quod
716 2101 831 2147 etin
852 2102 952 2147 eius
973 2102 1086 2149 Vita
1119 2121 1143 2147 a
1175 2103 1326 2149 veteri
1353 2102 1621 2151 Scholiaste

217 2167 453 2234 scriptum
471 2169 684 2217 invenio.
757 2171 1043 2217 Ammianus
1065 2170 1210 2232 igitur
1229 2172 1384 2218 famae
1406 2171 1624 2234 gloriae-

221 2257 316 2304 que
356 2237 616 2287 dulcedine
659 2237 878 2286 [imiliter
916 2238 1193 2300 succensus,
1245 2254 1291 2287 et
1337 2237 1625 2304 experiendi

221 2308 492 2355 amicorum
531 2308 888 2371 doctorumque
930 2310 1146 2354 virorum
1192 2309 1362 2355 iudicii
1395 2308 1622 2372 cupidus,

218 2376 402 2423 Romae
423 2395 485 2424 ex
508 2395 643 2424 more
664 2375 796 2422 suam
817 2395 902 2440 per
918 2391 1077 2440 partes
1100 2378 1319 2425 recitavit
1341 2377 1622 2436 Historiam,

218 2461 366 2510 prout
384 2447 565 2493 librum
589 2463 832 2511 quemque
853 2445 1206 2509 composuerat.
1281 2446 1410 2492 Hinc
1445 2447 1623 2493 oratio-

220 2532 281 2561 ne
306 2514 557 2563 numerola
580 2529 627 2562 et
643 2516 767 2561 benc
786 2514 1009 2574 sonante7
1044 2516 1182 2578 plena
1205 2532 1412 2579 pompae
1446 2529 1492 2561 et
1522 2534 1620 2561 ma-

220 2582 397 2629 icstatis
445 2584 510 2631 est
536 2583 672 2641 usus,
717 2584 908 2646 qualem
941 2584 1245 2631 recitationes
1274 2584 1385 2629 istac
1418 2584 1625 2647 postula-

222 2651 364 2712 bant,
401 2667 454 2698 ut
476 2671 613 2700 aures
634 2667 680 2700 et
699 2652 884 2698 animos
906 2652 1184 2699 auditorum
1218 2653 1457 2715 impleret.
1537 2651 1622 2700 Ad

220 2737 454 2783 pompam
493 2722 830 2769 recitationum
865 2721 1138 2784 pertinent,
1185 2721 1429 2768 dictorum
1473 2720 1623 2766 facto-

222 2807 427 2855 rumque
447 2792 612 2838 aetatis
630 2791 740 2840 suae
762 2790 1153 2838 memorabilium
1176 2809 1287 2837 cum
1309 2789 1501 2855 priscis,
1533 2788 1640 2835 lio-·
