1727 3144
208 162 213 170 k
257 179 420 213 LXXXII
559 179 814 211 HENRICI
845 177 1090 229 VALEsII
1127 177 1495 208 PRAEFATIO
1536 195 1537 198 =

249 303 591 356 praeterquam
620 287 752 353 quod
791 287 979 353 aliquot
1022 287 1161 334 locos
1201 286 1468 351 Scriptoris
1506 282 1659 351 nostri

255 378 349 425 ope
370 358 461 406 Ms.
485 358 669 407 codicis
693 357 964 405 Florentini
990 357 1179 419 egregie
1202 356 1439 418 correxit3
1469 356 1659 420 ‘primus
1693 385 1699 388 <

256 428 478 476 omnium
501 428 770 475 Auctorem
792 425 902 472 sane
923 424 1265 472 difficillimum
1285 425 1534 490 perpetuis
1557 424 1662 471 Ob-

252 497 605 545 I'ervationihus
635 495 869 542 illustrare
900 493 1040 541 ausus
1073 494 1153 541 est.
1237 495 1408 541 Varias
1430 492 1683 558 'denique-

253 566 345 615 ΜΓ.
382 565 567 614 codicis
596 565 831 612 lectiones
870 564 920 610 in
961 564 1092 611 calce
1138 561 1693 627 Editionis·apposuit,‘

260 653 384 700 quae
446 652 624 681 novam
684 632 983 699 quandoque
1039 631 1324 680 Editionem
1381 630 1666 696 aggress'uris

255 721 434 767 magno
461 702 566 750 usui
604 702 694 751 effe
728 702 929 767 poffent.
1010 700 1231 749 Proinde
1260 715 1307 748 et
1335 699 1588 748 doctrinae
1618 713 1669 747 et

252 772 516 820 industriae
551 790 650 821 non
685 771 987 820 mediocrem
1024 785 1157 818 certe
1191 770 1388 817 laudem
1432 783 1665 817 meretur.

255 841 365 889 Hae
407 840 658 889 feresunt
696 840 953 889 Editiones
995 839 1323 888 Historiarum
1368 838 1666 899 Marcellini,

261 928 384 974 quae
426 910 662 974 fingulare
703 909 940 975 quiddam
982 927 1100 975 prae
1144 909 1318 956 ceteris
1365 907 1663 955 habuerunt.

255 978 385 1026 Nam
416 980 631 1044 reliquae
667 997 723 1027 ex
753 980 830 1026 his
864 993 1113 1044 tamquam
1154 977 1375 1024 fontibus
1419 976 1666 1024 derivatae

243 1046 367 1094 'sunt
388 1066 571 1096 omnes.
644 1048 812 1096 Editio
840 1048 978 1096 verbi
1010 1049 1161 1112 gratia
1189 1045 1394 1114 Roherti
1426 1044 1669 1109 Stephani

256 1115 320 1163 ad
346 1119 595 1182 exemplar
617 1118 914 1166 Gelenianae
947 1117 1079 1163 illius
1114 1115 1327 1178 exprclsa
1355 1115 1435 1161 eft.
1518 1115 1668 1162 Hen-

258 1185 350 1231 rici
381 1200 542 1233 autem
576 1186 841 1250 Stephani,
880 1184 1191 1251 Gryphiique
1232 1182 1487 1230 Editiones
1524 1182 1670 1230 Bali-

256 1252 458 1300 liensem
478 1255 611 1301 illam
646 1257 759 1301 anni
787 1271 987 1301 mnxnvl.
1020 1253 1166 1299 instar
1195 1252 1447 1316 archetypi
1476 1251 1669 1300 secutae

257 1320 384 1368 sunt.
454 1322 634 1368 Earum
654 1339 803 1385 porro
825 1322 1000 1369 seriem
1020 1320 1310 1367 Editionum
1330 1321 1497 1384 paullo
1520 1321 1670 1368 fufius

259 1391 344 1437 hic
367 1390 685 1438 enarrandam
711 1389 802 1437 effe
825 1388 942 1436 duxi
976 1387 1166 1435 duabus
1201 1389 1261 1434 de
1289 1387 1459 1436 causis.
1520 1389 1671 1438 Nam

258 1476 372 1505 cum
392 1459 442 1505 in
462 1458 883 1508 Annotationibus
904 1457 1078 1504 nostris
1096 1457 1286 1521 priores
1316 1472 1528 1521 quatuor
1553 1457 1667 1507 sae-

258 1527 447 1593 piffime
478 1528 816 1587 nominentur,
855 1526 1004 1573 officii
1029 1526 1178 1572 nostri
1199 1526 1293 1573 fuit
1321 1526 1582 1575 Lectorem
1605 1527 1669 1576 de

259 1595 455 1659 lingulis
474 1611 809 1657 praemonere.
881 1592 1046 1641 Altera
1069 1594 1194 1640 ratio
1226 1595 1318 1652 est,
1351 1609 1407 1642 ut
1436 1609 1668 1661 appareat.

256 1662 483 1722 Lectori,
531 1662 709 1726 quibus
744 1660 993 1726 praefidiis
1028 1660 1301 1709 succinctus
1330 1681 1512 1711 novam
1541 1665 1671 1713 hanc

258 1731 545 1779 Editionem
583 1729 894 1794 susceperim.
987 1730 1183 1777 Etenim
1214 1731 1432 1779 Romana
1465 1733 1670 1799 quidem

261 1815 310 1848 et
330 1799 610 1863 Augustana
645 1813 692 1845 et
719 1798 987 1846 Bafilienfis
1020 1799 1214 1861 Editio,
1253 1814 1426 1864 utpote
1465 1819 1526 1848 ex
1559 1802 1668 1850 Mss‘.

249 1869 624 1933 *exemplaribus
645 1868 909 1932 profectae,
947 1867 1238 1930 scriptorum
1258 1868 1490 1917 codicum
1510 1872 1670 1920 vicem
1691 1873 1695 1876 ’

217 2000 221 2005 .
259 1937 438 1985 merito
493 1938 846 2000 praestiterunt.
953 1937 1267 1985 Bononieniis
1340 1952 1503 1986 autem
1569 1940 1668 2002 illa,

261 2005 421 2071 (quod
452 2022 602 2051 unum
639 2006 846 2053 maxime
878 2006 1127 2070 intererat)
1166 2008 1355 2055 fontem
1393 2007 1518 2055 mihi
1551 2026 1669 2056 om-

257 2076 397 2122 nium
423 2073 715 2121 mendorum
747 2075 952 2138 apernit.
1039 2074 1098 2121 In
1130 2093 1229 2139 quo
1261 2091 1392 2123 certe
1424 2094 1513 2124 nos
1545 2077 1667 2126 feliss-
1725 2081 1727 2086 '

236 2144 420 2191 .eiores
443 2157 490 2190 et
509 2141 743 2190 Accnrfio
767 2143 903 2190 snisse
926 2157 973 2190 et
993 2144 1202 2191 Gelenio
1224 2162 1369 2192 nemo
1404 2144 1662 2195 dubitavit.
1724 2158 1727 2183 ἒ

260 2211 331 2259 Ηί
354 2212 513 2274 enim,
544 2225 599 2257 ut
618 2211 741 2257 mihi
765 2212 967 2276 quidem
985 2212 1205 2275 videtur2
1241 2212 1391 2262 solam
1427 2214 1663 2263 Iohannis
1725 2228 1727 2234 ⁴

259 2281 496 2328 Frobenii
527 2279 811 2326 Editionem
843 2280 1087 2341 viderant,
1131 2299 1255 2346 qnae
1285 2282 1664 2344 Bononiensem,

262 2349 335 2396 uti
361 2348 504 2413 supra
537 2347 662 2410 dixi,
712 2367 825 2395 eum
864 2350 1091 2396 omnibns
1129 2350 1317 2398 mendis
1358 2352 1663 2414 exprefferat.
1726 2358 1727 2409 j

262 2417 368 2464 Nec
404 2418 661 2482 qnisquam
693 2432 802 2464 ante
831 2436 921 2464 nos
953 2419 1014 2466 de
1042 2419 1259 2468 facinore
1291 2419 1344 2465 Ρ.
1382 2421 1574 2468 castelli
1601 2439 1663 2470 ne

259 2484 523 2550 suspicatus
562 2485 761 2548 quidem
790 2486 996 2535 videtur.
1087 2488 1246 2535 Nobis
1286 2505 1432 2551 porro
1472 2504 1664 2552 praeter
1726 2495 1727 2507 ¹

264 2553 385 2601 haee
413 2555 649 2617 subsidia,
692 2554 799 2602 ΜΠ.
836 2557 979 2602 etiam
1013 2556 1210 2604 codices
1240 2575 1336 2603 nun
1383 2556 1657 2606 defuerunt.
1726 2566 1727 2574 ¹

263 2622 397 2670 Inter
420 2642 542 2688 quos
562 2623 738 2670 merito
764 2625 968 2687 palmam
994 2626 1115 2671 ferat
1135 2625 1291 2673 codex
1317 2626 1663 2681 Bibliothecae,

261 2690 465 2752 Regiae,
506 2711 652 2757 quem
676 2711 702 2740 a
721 2693 845 2740 Viro
868 2693 1123 2741 clarissimo
1156 2693 1526 2759 doctiss'nnoque
1556 2695 1659 2743 Ni-
1701 2714 1704 2720 “
1725 2743 1727 2746 ,

260 2759 401 2806 eolao
418 2760 656 2824 Rigaltio,
692 2761 793 2810 eius
816 2761 1155 2812 Bibliothecae
1189 2763 1467 2824 Praefecto,
1509 2782 1657 2812 com-
1724 2804 1727 2816 2
