1727 3144
211 164 307 224 572
450 175 716 208 animiam
751 173 1142 207 MARCELLINI
1174 173 1295 220 xxv,
1341 175 1382 203 i.

219 303 267 337 et
288 285 541 336 confestim
556 324 569 347 ,
604 285 788 351 absque
809 284 886 332 his
901 321 914 345 ,
951 301 1074 348 quae
1094 297 1286 349 tempus
1303 282 1419 333 vehi
1448 283 1626 349 permi-

221 357 303 420 fit,
339 356 524 421 reliqua
549 355 756 402 flammis
778 352 936 402 exusta
957 352 1083 400 funt.

174 432 203 476 5
315 424 554 472 Postridie
597 423 810 471 exercitu
844 421 1053 470 sedatius
1093 421 1417 487 procedente,
1474 435 1628 469 extre-

219 513 352 553 mos,
387 494 470 558 qui
496 512 553 541 eo
577 491 655 540 die
678 493 803 540 forte
827 490 1164 555 cogendorum
1189 491 1437 556 agminum
1467 489 1630 538 officia

218 562 542 623 sustinebant,
586 579 674 609 nec
702 562 955 626 opinantes
989 560 1161 609 Persae
1193 560 1379 621 adorti,
1424 562 1627 622 negotio

220 633 317 682 levi
353 630 721 692 interfecill'ent‚
776 631 826 676 ni
875 630 1125 693 proximus
1164 630 1407 694 equitatus
1450 627 1627 689 noster,

217 702 319 749 hoc
334 702 375 767 ⁴)
399 701 534 748 ocius
554 700 829 759 intellecto,
864 717 950 762 per
976 700 1154 762 patulas
1184 699 1331 746 valles
1359 699 1455 744 late
1486 696 1630 743 diffu-

220 769 298 818 sus
329 785 511 817 tantam
541 769 723 816 molem
758 767 1077 828 discriminis,
1120 767 1408 826 vulneratis,
1447 766 1532 830 qui
1554 763 1631 811 sua

177 847 571 904 fiper-venerant,
615 838 650 902 ⁵)
671 835 929 901 repuliffet.
1019 837 1070 882 ln
1112 835 1204 882 hac
1250 834 1430 882 cecidit
1469 848 1643 897 pugna-

221 908 415 956 Adaces
435 907 616 953 nobilis
649 904 859 968 satrapa,
905 906 1087 968 legatus
1123 903 1375 967 quondam
1407 902 1468 949 ad
1502 904 1632 950 Con-

219 976 447 1024 stantium
474 974 754 1035 Principem
788 971 979 1033 miffus⁷
1023 992 1078 1019 ac
1106 972 1316 1034 benigne
1353 970 1630 1035 susceptus:

223 1046 361 1092 cuius
391 1042 573 1091 exuviis
604 1042 888 1088 interfector
928 1041 1120 1087 Iuliano
1161 1041 1362 1101 oblatis,
1409 1057 1632 1087 remune-

175 1128 352 1177 7ratus
386 1112 477 1171 est,
530 1124 584 1157 ut
626 1108 845 1157 decebat.
935 1107 1126 1156 Eodem
1166 1107 1244 1156 die
1287 1109 1633 1157 Tertiacorum

223 1180 454 1246 equestris
474 1197 702 1226 numerus
720 1185 748 1225 'a
769 1175 1046 1242 legionibus
1076 1177 1319 1224 incusatus
1349 1178 1440 1238 est,
1477 1176 1632 1242 quod,

223 1269 338 1298 cum
369 1247 499 1314 ipsae
533 1248 742 1296 hostium
776 1245 997 1295 adversas
1023 1245 1352 1309 irrumperent
1374 1247 1523 1307 acies,
1559 1247 1636 1293 illi

222 1320 477 1384 paullatim
500 1317 698 1382 dilapfi‚
736 1316 1034 1363 alacritatem
1066 1332 1219 1379 paene
1252 1314 1402 1363 totius
1435 1313 1635 1362 minuis-

180 1408 207 1450 ὃ
226 1388 329 1436 sent
348 1386 600 1435 exercitus.
673 1384 820 1431 Unde
841 1384 903 1431 ad
922 1383 1311 1448 indignationem
1340 1384 1511 1432 iustam
1542 1390 1636 1433 Im-

225 1472 421 1523 perator
442 1469 655 1516 erectus‚
691 1453 932 1519 ademptis
953 1452 1097 1517 [ignis
1118 1453 1362 1519 hastisque
1382 1451 1634 1515 diffractis,

227 1544 396 1575 omnes
419 1543 526 1585 e05‚
558 1525 644 1589 qui
671 1523 840 1587 fugiss‘e
872 1523 1227 1586 arguebantur,
1268 1523 1395 1570 inter
1427 1519 1635 1586 impedi-

225 1609 391 1643 menta
420 1608 467 1641 et
494 1593 702 1640 sarcinas
734 1607 781 1640 et
811 1594 1030 1657 captivos
1068 1609 1208 1655 agere
1247 1592 1340 1639 iter
1381 1590 1633 1655 imposuit,

229 1662 434 1711 ductore
468 1678 667 1725 eorum,
703 1662 787 1726 qui
814 1661 940 1709 solus
962 1661 1153 1708 fortiter
1180 1661 1476 1717 decertarat,
1511 1661 1635 1706 aliae

225 1746 414 1779 turmae
447 1730 695 1795 adposito,
735 1730 873 1799 cuius
903 1727 1127 1777 tribunus
1157 1730 1364 1794 turpiter
1390 1730 1636 1794 proelium

181 1821 209 1862 9
230 1798 483 1847 deseruiss‘e
513 1800 911 1847 convincebatur.
994 1799 1194 1847 Abiecti
1224 1798 1334 1845 sunt
1367 1813 1529 1845 autem
1566 1796 1635 1844 sa-

227 1882 477 1915 cramento
531 1869 676 1915 etiam
729 1866 812 1915 alii
851 1881 1062 1933 quatuor
1099 1869 1165 1916 ob
1206 1868 1447 1931 flagitium
1482 1865 1637 1914 limile

226 1936 593 1984 vexillationum
615 1936 823 1983 tribuni:
853 1936 950 1983 hoc
975 1936 1104 1983 enim
1125 1935 1445 1982 correctionis
1467 1934 1636 1981 mode-

228 2005 412 2053 ramine
435 2004 636 2064 leniori,
666 2003 1058 2067 impendentium
1095 2001 1482 2049 consideratione
1512 2001 1636 2050 diffi-

227 2074 464 2121 cultatum
481 2085 738 2120 contentus
759 2071 824 2118 est
844 2071 1133 2134 Imperator.

157 2167 209 2196 10
325 2140 564 2206 Progressi
585 2141 749 2205 itaque
769 2157 884 2187 Lxx.
908 2138 1055 2186 stadia
1077 2153 1318 2187 attenuata
1340 2155 1505 2186 rerum
1531 2157 1636 2187 om-

228 2212 366 2258 nium
390 2210 558 2275 copia,
590 2209 755 2256 herbis
776 2208 1128 2272 frumentisque
1152 2208 1394 2269 crematis,
1425 2225 1481 2255 ex
1500 2210 1636 2254 ssani-

227 2280 320 2327 mis
340 2280 355 2325 i
362 2278 452 2344 pfis
474 2292 631 2342 raptas
650 2278 812 2342 fruges
832 2291 879 2324 et
908 2277 1109 2341 pabula,
1141 2290 1196 2323 ut
1226 2276 1434 2341 quisque
1455 2275 1634 2324 vehere

156 2364 202 2391 11
227 2349 416 2413 potuit,
449 2346 764 2395 conservavit.
836 2345 948 2392 Hoc
969 2343 1114 2392 etiam
1132 2346 1245 2392 loco
1278 2345 1474 2403 relicto,
1520 2363 1634 2391 cum

228 2417 290 2463 ad
323 2431 532 2464 tractum
563 2415 796 2478 Maranga
821 2413 1116 2477 adpellatum
1150 2413 1307 2460 omnis
1333 2411 1531 2460 veniffet
1551 2431 1635 2460 ex-

229 2486 430 2547 ercitus,
466 2502 620 2549 prope
641 2484 763 2531 lucis
781 2482 995 2531 confinia
1013 2480 1247 2530 immensa
1277 2480 1528 2528 Persarum
1549 2480 1634 2529 ad·

225 2556 387 2617 paruit
417 2552 707 2614 multitudo,
751 2570 864 2599 cum
896 2551 1096 2599 Merene
1138 2550 1367 2616 equestris
1404 2549 1630 2613 magistro

227 2623 458 2680 militiae,
524 2622 737 2687 filiisque
778 2620 903 2684 regis
945 2620 1167 2683 duobus,
1216 2632 1264 2667 et
1310 2618 1631 2682 optimatibus

270 2785 314 2830 4)
339 2784 406 2820 Ms.
431 2786 580 2820 acutius.
630 2788 668 2833 5)
693 2783 761 2820 Ms-
787 2783 1004 2834 repulissent.
