1727 3144
148 216 161 238 ἱ

231 188 378 223 xxxtv
449 188 578 219 1Ac.
622 186 999 219 GRONOVII
1049 176 1492 218 PRAEFATIO.

227 314 309 368 ⁸ter
333 296 496 347 causas
524 298 945 345 iam‘memoratas
972 310 1108 343 tanto
1138 295 1327 343 facilius
1361 294 1534 344 attrahi
1558 313 1638 347 me

235 368 464 428 toleravi,
508 366 644 431 quod
672 366 755 413 hic
785 363 887 429 ipse
919 366 1207 432 Ammianus
1232 379 1356 425 erat,
1393 365 1531 412 cuius
1562 384 1639 414 ex·-

238 438 421 502 emplar
445 436 504 482 ab
529 434 867 497 Lindebrogio
889 432 1198 498 usurpatum,
1243 434 1455 498 primum
1484 436 1642 482 onini-

238 526 322 554 um
354 507 479 552 inter
506 499 718 551 vetustos
749 503 1022 550 Florentiae
1066 501 1263 550 codices
1305 502 1431 563 vidi,
1483 522 1641 568 quum

238 574 591 623 bibliothecam
612 574 661 620 S.
685 572 842 619 Marci
865 571 1075 636 elegiffet
1096 571 1156 618 ad
1187 572 1538 619 committenda
1560 574 1643 621 he·
1690 584 1695 599 ‘³

238 643 544 699 nevolentiae
570 640 705 701 suae,
741 657 865 705 quae
899 639 1130 687 immensa
1165 654 1212 687 et
1237 639 1539 688 incredibilis
1570 643 1644 690 fu-

241 728 347 761 tura
376 725 502 768 erat,
537 711 742 774 pignora
772 709 972 756 Illustris
1006 724 1052 757 et
1077 723 1181 756 tum
1213 708 1274 756 de
1303 710 1437 757 omni
1462 711 1644 758 studio-

240 801 349 830 rum
380 799 434 827 ac
464 777 787 827 studiosorum
820 777 1078 825 hominum
1107 796 1307 843 genere,
1346 781 1451 825 tum
1483 778 1543 827 de
1565 797 1645 843 ine

244 865 292 898 et
320 850 466 897 fratre
496 866 606 895 meo
638 848 823 912 optime
852 847 1052 894 meritus
1084 865 1327 895 ANTONlUs
1353 843 1646 896 MAGLIABE—

243 936 418 978 QUIUS,
465 932 511 964 et
538 917 670 963 hunc
699 929 807 962 aute
839 933 1005 963 omnes
1027 916 1252 964 codicem
1273 934 1298 965 e
1316 918 1488 965 forulis
1519 905 1646 982 [ᾩὸ-
1695 907 1697 909 ¹

245 988 361 1036 duci
387 985 605 1033 iubendo
633 986 835 1035 tacitum
867 985 967 1031 eius
996 1003 1240 1046 amorem,
1292 987 1498 1033 infixum
1528 988 1648 1052 qui-

247 1056 360 1105 dem
378 1056 475 1102 iam
495 1068 629 1115 ante,
655 1055 799 1117 longe
821 1052 1148 1100 ardentiorem
1170 1054 1406 1118 inspirans
1425 1056 1489 1103 fic
1512 1074 1648 1120 quo.-
1690 1078 1692 1081 ·

242 1143 340 1190 que
362 1143 440 1172 me
465 1123 734 1171 devinciret
757 1121 818 1169 ad
844 1136 996 1186 grates
1023 1122 1289 1187 laudesque
1321 1139 1537 1172 aeternas
1568 1125 1654 1174 Illi.

246 1192 471 1256 agendas.
552 1193 676 1240 Vale
705 1191 878 1254 igitur,
921 1190 1125 1252 Lector,
1175 1206 1222 1239 et
1263 1193 1355 1239 tibi
1391 1195 1648 1257 gratulare,

246 1261 410 1328 quod,
446 1260 769 1325 quamtumvis
793 1258 915 1306 duro
931 1296 943 1319 ‚
974 1259 1168 1323 aspero,
1207 1261 1461 1326 incompto
1482 1278 1530 1310 et
1551 1265 1670 1328 pla-¹·

240 1349 308 1395 vne
332 1329 539 1376 barbaro
567 1327 785 1373 sermone
803 1363 815 1386 ,
851 1341 905 1372 ut
928 1345 982 1372 ex
1004 1327 1195 1375 lascivis
1219 1331 1420 1378 omnino
1441 1333 1650 1395 ingeniis
1688 1328 1692 1341 ²

246 1397 472 1446 nonnulli
490 1395 819 1442 sustinuerunt
843 1394 1050 1457 opinari,
1076 1395 1316 1461 scripserit
1337 1401 1649 1464 Ammianus3

249 1467 302 1515 id
327 1482 487 1514 tamen
510 1462 646 1529 quod
664 1463 812 1509 iidem
842 1461 1100 1525 spernendi
1125 1467 1345 1527 profecto
1369 1482 1416 1514 et
1440 1487 1528 1532 pro
1563 1488 1650 1518 mh

251 1536 450 1601 gacibus
478 1531 742 1579 damnandi
763 1529 1082 1591 addiderunt,
1116 1532 1344 1597 l'cripfiffe
1367 1536 1454 1597 ita,
1489 1552 1544 1586 ut
1566 1526 1648 1588 vvix

252 1603 373 1668 quid
405 1602 535 1648 dicat
562 1597 795 1662 consequi
827 1597 993 1661 pollis,
1053 1600 1196 1647 rebus
1237 1621 1382 1667 queas
1424 1608 1650 1674 refutare,

252 1691 307 1720 ae
341 1684 527 1735 partem
559 1666 858 1714 saeculorum
887 1667 1057 1730 utique
1102 1667 1446 1736 dignissimam,
1505 1696 1653 1742 quam
1702 1697 1705 1702 '¹

253 1755 302 1789 et
336 1738 632 1787 Christianus
668 1737 822 1787 homo
862 1736 1203 1802 recognoscat,
1259 1755 1389 1791 certe
1426 1746 1652 1814 clareque

253 1806 590 1873 contemplari.
