1727 3144
146 154 147 160 κ
191 129 292 191 ,590
457 143 722 175 AMMIANI
756 142 1143 175 MARCELLINI
1169 144 1310 190 xxm,
1351 145 1425 177 ιω.

192 269 399 301 numero
422 271 520 301 non
547 255 655 318 plus
677 271 822 317 quam
848 254 1064 319 quinque
1087 254 1238 301 millia
1254 290 1267 317 ,
1309 268 1364 301 ut
1396 255 1604 302 aestima·-

191 323 336 369 batui
352 360 364 382 ‚
410 322 669 370 evadetent
704 322 935 370 dent-itate
973 340 1231 371 nemoitun
1267 338 1418 385 tecta,
1475 325 1604 372 inter

193 393 471 456 complures
495 392 615 438 alios
634 392 840 439 audaces
862 405 908 439 et
928 392 1078 440 fortes
1100 410 1210 456 rege
1241 410 1438 456 quoque
1473 392 1605 440 Pxia-

194 478 269 507 rio
290 461 576 521 inter,fect0
611 461 875 507 exitialium
896 462 1146 508 concitoie
1172 480 1459 524 pugnatum.

126 541 172 569 11
302 529 403 576 Hac
447 530 560 576 laeti
601 528 837 576 successus
877 529 1056 576 fiducia
1093 531 1350 577 Gnatianus
1398 545 1604 592 eiectus,

193 599 390 662 iamque
415 598 473 644 ad
500 612 658 662 partes
679 597 881 645 tendens
913 598 1060 659 ans,
1100 600 1343 646 laevorsus
1376 601 1499 647 flexo
1529 600 1607 646 iti-

192 685 309 713 nere
341 667 544 714 latenter
580 667 748 714 Rheno
786 669 1017 726 transito,
1059 667 1142 732 spe
1180 667 1425 715 incitatior
1459 670 1604 729 hona,

193 735 465 784 universam
492 736 547 802 (fi
568 736 618 781 id
639 737 841 783 tentanti
860 737 962 782 fors
988 735 1230 801 adfuiffet)
1261 737 1422 784 delere
1444 737 1606 784 statuit

122 819 174 846 12
196 804 468 851 malefidam
500 819 546 851 et
581 806 831 851 turbarum
860 805 1052 852 avidam
1092 820 1300 882 gentem.
1392 806 1605 871 Hocque

193 875 481 936 uigentibus
512 874 617 918 aliis
660 872 802 935 lupen
839 873 956 919 alios
990 875 1171 919 nuntiis
1212 874 1436 937 cognito,
1479 875 1606 921 Leu-

194 940 368 988 tienscs
388 940 629 986 aerumnis
653 940 824 1003 populi
845 939 917 985 sui
939 939 1001 986 ad
1033 941 1416 989 internecionem
1450 961 1604 1008 paene

195 1011 371 1070 deleti,
403 1022 450 1055 et
474 1009 729 1073 repentino
756 1007 997 1071 Principis
1023 1009 1235 1055 adventu
1265 1009 1435 1071 defixi,
1481 1011 1605 1076 quid

191 1078 488 1143 capess'erent
538 1078 863 1142 ambigentes,
912 1096 1024 1124 cum
1088 1096 1246 1142 neque
1300 1081 1605 1143 repugnandi

189 1166 352 1212 neque
373 1146 546 1212 agendi
568 1147 752 1210 aliquid
775 1160 856 1193 aut
878 1146 1116 1194 moliendi
1146 1148 1468 1195 laxamentum
1495 1147 1605 1213 pos-

192 1216 296 1264 sent
318 1217 535 1263 invenire
558 1217 634 1263 vel
654 1218 800 1263 breve
815 1253 828 1277 ,
862 1217 1051 1280 impetu
1069 1216 1217 1263 celeri
1243 1216 1452 1265 ohsell'os
1482 1219 1605 1283 peti-

193 1300 368 1334 verunt
389 1286 531 1332 inviis
553 1286 775 1333 cautibus
797 1286 944 1334 colles
963 1304 972 1332 ;
1003 1286 1320 1350 abruptisque
1345 1304 1430 1350 per
1451 1288 1603 1334 ambi*

192 1369 296 1402 tum
327 1355 530 1418 rupibus
560 1354 850 1416 infistcntes‚
897 1355 1042 1402 rebus
1082 1355 1460 1420 caritatibusque
1490 1354 1603 1417 suis,-

194 1443 313 1490 quas
344 1424 507 1472 secum
544 1423 802 1486 duxerant,
844 1425 977 1471 omni
1009 1423 1185 1471 virium
1218 1422 1395 1472 robore
1422 1443 1605 1489 propu-

123 1502 175 1546 13
196 1494 420 1558 guahant.
513 1497 624 1558 Qua
663 1493 944 1541 difficultate
975 1492 1233 1558 perpensa,
1278 1494 1411 1541 velut
1438 1513 1605 1541 murm

194 1582 301 1610 rum
356 1562 581 1610 obicibus
634 1563 921 1628 opponendi
978 1581 1066 1627 per
1123 1563 1339 1627 legiones
1394 1561 1602 1626 lingulas

193 1633 229 1697 3)
254 1631 570 1697 quingenteni
606 1633 834 1697 leguntur
861 1632 1060 1694 armati,
1103 1630 1191 1678 usu
1218 1632 1485 1696 prudenter
1503 1633 1605 1680 bele

191 1701 326 1748 landi
346 1701 602 1765 comperti.
676 1702 775 1757 Qui
796 1719 849 1748 ea
869 1720 920 1749 re
945 1701 1221 1748 animorum
1242 1715 1382 1748 aucta
1401 1700 1601 1760 fiducia,

194 1770 330 1834 quod
382 1769 560 1818 versari
600 1771 726 1818 inter
769 1772 1102 1834 autelignauos
1141 1769 1384 1817 visebatur
1427 1770 1603 1817 acriter

192 1838 455 1902 Princeps,
499 1854 688 1888 montes
720 1839 950 1888 scandere
992 1839 1298 1899 nitebantur,
1356 1852 1603 1903 tamquam

193 1910 236 1970 ⁴)
261 1908 521 1954 venaticias
559 1908 789 1971 praedas,
816 1908 853 1956 fi
883 1909 1138 1956 calcass'ent
1167 1907 1396 1966 editiora,
1438 1909 1603 1954 conse-

191 1975 299 2023 stim
323 1974 421 2021 linc
442 1978 704 2022 certamine
725 1979 825 2023 ullo
855 1978 1062 2040 rapturi:
1103 1976 1426 2040 exorsumque
1461 1994 1603 2039 proe-

191 2046 314 2092 lium
346 2057 572 2105 vergente
603 2044 654 2089 in
685 2044 939 2091 meridiem
970 2044 1075 2105 die,
1125 2045 1353 2091 tenebrae
1400 2062 1598 2108 quoquc

124 2112 176 2165 14
193 2129 493 2176 occupavere
524 2126 804 2159 nocturnae.
889 2113 1087 2176 Quippe
1128 2130 1304 2175 magno
1343 2113 1599 2177 utriusque

190 2182 338 2248 partis
373 2181 674 2245 pugnabatur
714 2181 891 2229 exitio:
954 2180 1224 2228 caedebant
1260 2180 1596 2245 cadebantque

188 2251 464 2301 nostrorum
486 2267 585 2296 non
605 2251 746 2314 pauci
764 2269 772 2297 :
805 2250 946 2297 simul
967 2268 1096 2297 arma
1115 2249 1417 2314 imperatorii
1445 2251 1595 2298 comi-

190 2335 316 2368 tatus
353 2337 471 2365 auro
503 2319 823 2384 colorumque
855 2320 1081 2366 micantia
1114 2317 1432 2381 claritudine,
1466 2319 1597 2366 iacu-

187 2390 369 2437 latione
396 2388 667 2451 ponderum
689 2387 830 2435 densa
853 2389 1301 2451 confringebantur.

121 2456 174 2502 15
291 2459 327 2522 ⁵)
356 2456 547 2503 Etenim
570 2455 655 2503 diu
678 2471 925 2522 reputante
948 2457 1184 2504 Gratiano
1209 2475 1321 2504 cum
1352 2457 1596 2520 optimati*

191 2528 309 2593 bus,
340 2525 667 2590 perniciosum
687 2528 950 2591 adparebat
978 2540 1025 2574 et
1045 2526 1237 2574 irritum
1262 2539 1432 2573 contra
1463 2527 1596 2590 aspe-

237 2718 270 2753 3)
311 2713 361 2746 al.
394 2711 619 2758 quingentini
656 2712 787 2748 milites
820 2712 997 2761 leguntur
1050 2715 1094 2761 4)
1121 2714 1172 2749 nl.
1202 2727 1239 2750 v
1237 2714 1338 2749 natio
1344 2726 1378 2747 as
1448 2715 1489 2760 5)
1516 2712 1585 2750 ML

190 2760 284 2793 Eun.
339 2760 390 2793 ul.
415 2758 461 2793 Et
487 2757 587 2793 inde.
