1727 3144
203 138 302 195 594
446 149 713 180 annuam
761 147 1149 180 mancinum
1179 148 1308 194 xxv,
1344 138 1390 181 8.

202 260 357 325 pites:
391 261 472 320 et,
517 257 653 324 quod
683 257 835 322 magis
871 257 1203 320 metuebatur,
1259 259 1296 306 fi
1328 257 1462 306 casus
1494 260 1614 307 novi

133 346 187 373 xo
207 328 408 395 quidam
433 326 764 392 exsurgerent,
804 326 1171 390 opponendum.
1246 327 1440 386 Quibus
1462 326 1616 376 secre-

204 401 352 447 tiores
387 396 643 444 addiderat
680 397 891 451 litteras,
939 395 1268 444 Lucillianum
1301 396 1474 445 itidem
1510 413 1615 444 mo-

201 485 346 528 nenS,
376 482 430 514 ut
452 465 692 531 quosdam
713 466 866 512 lectos
887 465 1165 528 exploratae
1189 466 1451 514 industriae
1476 464 1616 514 fidei-

206 554 299 602 que
322 535 524 583 duceret
543 533 730 581 secum:
781 532 1089 581 adminiculis
1123 552 1295 582 eorum
1325 533 1496 582 usurus
1522 551 1614 598 pro

136 624 178 650 11
203 604 527 654 incidentium
551 618 699 667 captu
726 602 1052 666 negotiorum.
1134 603 1471 670 Prudentique
1501 620 1619 650 con-

202 673 308 721 filio
345 673 674 721 Malarichum
706 690 764 720 ex
795 671 1116 721 familiaribus
1155 673 1364 737 negotiis
1393 686 1619 737 agentem

205 744 350 791 etiam
371 756 474 792 tuni
495 742 545 789 in
564 741 704 789 Italia
718 778 731 802 ,
767 739 916 787 missis
936 740 1202 803 insignibus
1222 745 1259 807 '')
1281 742 1456 790 Iovino
1485 739 1619 788 iussit

202 810 463 860 succedere
493 828 742 857 armorum
780 808 1004 871 magistro
1042 828 1124 872 per
1166 811 1375 871 Gallias,
1426 809 1619 874 gemina

201 882 412 928 utilitate
447 878 836 943 praespeculata:
888 891 942 924 ut
970 891 1016 924 et
1049 877 1145 927 dux
1186 879 1346 927 meriti
1387 877 1618 938 celfioris,

203 949 419 1014 ideoque
441 948 685 1012 suspectus
707 947 864 992 abiret
884 963 909 992 e
931 945 1126 1009 medi03
1161 962 1208 995 et
1235 948 1389 995 homo
1420 946 1621 994 inferio-

206 1018 270 1064 ris
291 1017 392 1081 spei
415 1016 477 1062 ad
498 1015 781 1061 sublimiora
802 1028 1059 1077 provectus
1073 1052 1085 1075 ,
1115 1017 1326 1063 auctoris
1347 1015 1419 1063 sui
1448 1029 1619 1062 nutan-

136 1099 187 1128 12
209 1100 305 1132 tern
327 1083 488 1131 adhuc
507 1083 680 1130 statum
702 1082 863 1129 studio
894 1082 1120 1130 fundaret
1156 1085 1355 1147 ingenti.
1435 1083 1620 1133 Iuffum

207 1154 273 1201 est
308 1167 470 1200 autem
499 1151 562 1199 ad
591 1150 842 1216 implenda
877 1150 995 1198 haec
1035 1154 1351 1215 perrecturis,
1389 1154 1622 1201 extollere

204 1221 379 1271 seriem
408 1220 651 1285 gestorum
690 1221 743 1266 in
784 1219 988 1279 melius,
1042 1234 1090 1266 et
1129 1239 1376 1283 rumores,
1424 1239 1620 1287 quaqua

204 1292 358 1348 irent,
413 1290 574 1348 verbis
607 1289 880 1337 diffundere
911 1288 949 1354 8)
976 1289 1375 1350 concinentibus,
1426 1292 1621 1355 procin-

205 1374 339 1407 ctum
364 1358 648 1409 Parthicum
675 1358 805 1407 exitu
838 1357 1072 1423 prospero
1103 1359 1444 1406 terminatum:
1483 1357 1622 1406 addi-

204 1430 365 1493 tisque
412 1427 684 1475 festinando
722 1427 887 1474 itineri
929 1427 1184 1488 noctibus,
1254 1428 1619 1493 provinciarum

207 1498 508 1562 militiaeque
557 1496 829 1545 rectoribus
869 1498 908 1560 ⁹)
940 1495 1177 1544 infinuare
1214 1497 1329 1544 novi
1375 1496 1618 1560 Principis

207 1566 414 1630 scripta,
462 1565 781 1630 omniumque
809 1563 1058 1613 sententiis
1099 1565 1338 1613 occultius
1368 1564 1619 1613 sciscitatis

208 1652 423 1682 remeare
475 1634 709 1682 velociter
768 1652 882 1681 cum
930 1632 1189 1698 responsis,
1248 1648 1302 1681 ut
1346 1648 1618 1698 comperto,

210 1702 332 1766 quid
363 1703 414 1749 in
443 1702 725 1767 longinquis
749 1717 943 1767 agatur,
981 1703 1280 1767 principatus
1309 1703 1365 1770 ¹⁰>
1385 1703 1620 1751 corrobo-

210 1771 351 1818 randi
371 1786 557 1818 matura
579 1771 777 1819 confilia
802 1786 1096 1836 quaerantur
1114 1785 1160 1819 et
1182 1786 1338 1819 cauta.

140 1841 193 1883 ¹5
313 1839 421 1886 Hos
444 1839 721 1887 tabellarios
737 1841 868 1888 fama
889 1840 1249 1905 praegrediens,
1277 1839 1422 1887 index
1445 1839 1620 1886 tristio-

211 1927 318 1957 rum
338 1906 535 1955 casuum
556 1909 607 1971 ¹¹)
627 1908 938 1972 velociffima,
974 1927 1060 1974 per
1084 1909 1358 1973 provincias
1383 1907 1620 1956 volitabat

211 1992 260 2025 et
289 1990 481 2041 gentesz,
526 1975 832 2039 maximeque
876 1977 1097 2023 omnium
1136 1976 1395 2023 Nifibenos
1439 1977 1618 2024 acerbo

212 2045 384 2093 dolore
404 2042 654 2109 perculsit,
689 2062 801 2089 cum
826 2044 1000 2089 urbem
1034 2044 1209 2107 Sapori
1241 2043 1457 2091 deditam
1484 2062 1619 2092 com-

209 2113 461 2177 perissent:
493 2112 630 2159 cuius
652 2112 768 2157 iram
789 2112 1070 2158 metuebant
1093 2126 1140 2159 et
1163 2111 1449 2173 simultates,
1482 2130 1619 2160 reco-

209 2183 393 2239 lentes,
422 2197 545 2245 quae
564 2179 758 2228 adlidue
784 2181 1037 2245 pertulerit
1064 2181 1256 2242 funera,
1294 2199 1399 2229 eam
1427 2180 1613 2246 saepius

140 2260 193 2315 ¹4
213 2267 492 2315 oppugnare
531 2262 747 2296 conatus.
839 2249 1098 2297 Constabat
1136 2250 1265 2297 enim
1286 2287 1317 2314 ,ἵ
1349 2251 1406 2314 12)
1440 2252 1614 2298 orbem

211 2321 371 2366 Eoum
401 2318 452 2365 in
487 2316 724 2365 ditionem
753 2317 958 2383 potuiffe
997 2319 1198 2366 transire
1235 2296 1468 2379 Persidis,
1525 2319 1614 2365 nifi

211 2389 333 2436 haec
372 2387 542 2434 civitas
571 2385 724 2433 habili
765 2385 856 2433 fitu
898 2400 945 2433 ct
990 2388 1240 2435 moenium
1280 2386 1614 2451 magnitudine

214 2455 462 2504 restitiffet.
536 2453 703 2502 Miseri
722 2469 881 2502 tamon
907 2456 1020 2502 licet
1040 2457 1224 2503 maiore
1249 2456 1438 2503 venturi
1468 2474 1615 2519 pavo-

212 2544 265 2573 re
286 2523 752 2588 constringerentur,
781 2522 807 2570 s
802 2543 863 2589 pe
884 2539 1045 2572 tamen
1065 2523 1319 2573 sustentari
1347 2539 1613 2589 potuerunt

216 2648 255 2655 ..—

261 2711 297 2754 7)
335 2710 384 2743 al.
423 2709 582 2743 Ioviano.
648 2712 686 2756 8)
724 2708 791 2745 ΜΓ.
834 2709 1120 2744 concinentibus.
1183 2709 1227 2755 9)
1268 2708 1335 2742 Ms.
1383 2708 1608 2743 infinuarent.

219 2761 275 2801 m)
299 2754 365 2788 Ml:
400 2754 670 2790 corroborandi.
729 2769 783 2803 ιι)
810 2756 876 2793 Ms.
899 2756 1127 2792 velocissima.
1181 2761 1235 2802 12)
1255 2757 1306 2791 al.
1327 2754 1451 2790 orbem
1474 2767 1611 2790 eorum.
