1727 3144
219 186 641 222 CONSTANTIUS
689 185 760 216 ET
815 185 1134 218 IULIANUS.
1209 175 1324 222 560.
1413 192 1508 238 227

102 295 193 342 bus
235 295 337 342 eius
375 294 527 343 excisa
568 295 768 343 relatam
803 293 1102 359 reliquerant
1144 296 1276 360 apud
1315 298 1511 350 Carras:

104 381 227 428 quae
257 363 419 412 subito
458 364 581 425 visa,
626 379 883 430 aptataque
914 364 1204 425 faberrime,
1237 366 1509 416 clausorum

99 430 416 482 hebetaverat
450 448 663 494 mentes,
724 434 942 498 adusque
983 431 1250 480 deditionis
1293 438 1508 485 remedia

97 519 253 564 paene
295 503 567 568 prolapsas,
630 503 682 549 ni
712 502 968 566 resumptis
997 502 1194 550 viribus-
1211 506 1509 567 opponenda

96 570 352 619 machinae
381 572 496 620 huic
525 572 894 637 praeparaffent.
986 570 1094 618 Nec
1127 573 1369 620 temeritas
1403 575 1510 638 post

96 637 217 686 haec
238 641 518 703 εεΠω-,ενεη
555 659 644 688 nec
666 640 937 688 confilium.
1009 639 1261 705 Namque,
1298 593 1450 689 dump'
1438 663 1511 690 ln-

94 706 356 756 strueretur
386 710 509 756 aiies
539 709 775 772 vetustus,
812 721 860 755 et
879 706 1162 769 diffolutus,
1198 725 1252 756 ut
1271 711 1408 759 facile
1429 731 1507 761 ve-

93 775 316 837 heretur,
373 780 413 843 ⁷)
453 778 586 825 omni
625 790 752 837 arte,
806 776 1040 840 omnique
1065 777 1243 826 virium
1272 779 1403 842 nisu,
1458 795 1507 829 et

93 843 132 909 ⁸)
166 860 556 910 oppugnatorum
589 846 638 894 vi
667 860 714 893 et
741 844 1045 893 firmitudine
1072 845 1257 895 summa
1291 847 1507 897 defensa-

92 912 265 961 batur:
312 930 551 963 tormenta
578 915 902 962 nihilominus
940 929 988 962 et
1022 914 1244 979 lapidum
1269 918 1505 966 crebritas

93 996 238 1051 atque
258 984 521 1032 fundarum
541 1003 597 1032 ex
613 998 815 1048 utraque
835 997 971 1049 parte
994 984 1234 1061 plurimos
1256 986 1510 1036 consume-

89 1051 233 1099 bant:
269 1068 317 1101 et
349 1073 579 1118 aggerum
609 1054 763 1101 moles
793 1053 1106 1101 inmementis
1127 1055 1369 1103 celeribus
1390 1076 1508 1104 con-

86 1119 371 1185 surgebant:
440 1123 695 1186 acriorque
738 1114 895 1170 indies
946 1120 1256 1171 adulescebat
1294 1125 1504 1184 oindio,

87 1191 254 1237 multis
281 1192 413 1238 nosti
403 1210 558 1240 orum
584 1192 773 1240 idciico
805 1191 1120 1253 cadentibus,
1171 1193 1309 1257 quod
1338 1193 1504 1241 decer-

87 1273 256 1306 nentes
275 1260 363 1306 sub
387 1261 703 1324 Imperatoris
723 1260 1013 1325 conspectu,
1047 1260 1130 1324 spe
1151 1262 1501 1324 praemiorum,

90 1341 143 1372 ut
169 1327 356 1392 poffent
386 1330 556 1392 facile,
591 1329 676 1392 qui
695 1329 867 1388 effent,
906 1328 1126 1391 agnosci,
1162 1329 1399 1377 nudantes
1423 1351 1502 1392 ga·-

86 1395 174 1442 leis
199 1396 357 1459 capita
378 1396 735 1459 sagittariorum
759 1396 1007 1443 hostilium
1030 1398 1200 1460 peritia
1231 1398 1503 1447 fundeban-

87 1477 181 1510 tur.
253 1464 404 1512 Proin
436 1466 539 1512 dies
570 1481 617 1513 et
648 1479 816 1512 noctes
839 1465 1051 1514 intentae
1079 1466 1280 1528 vigiliis,
1317 1470 1501 1516 cautio-

87 1551 162 1579 res
187 1532 359 1581 stantes
377 1535 644 1611 utrobique
663 1534 923 1580 faciebant.
997 1534 1069 1579 Et
1078 1533 1169 1580 Pei
1175 1535 1249 1580 sae
1271 1555 1501 1599 aggerum

87 1602 385 1649 altitudine
375 1622 471 1648 lam
495 1603 547 1648 iu
587 1602 790 1648 sublime
832 1615 1084 1664 Ροιιθοῖει,
1143 1604 1508 1670 ωειεὴὶηαθᾳυό

86 1670 295 1734 ingentis
316 1672 520 1718 horrore
546 1668 795 1737 perculsi,
811 1687 952 1733 quam
976 1670 1187 1717 minores
1212 1690 1410 1737 quoque
1432 1675 1500 1722 [e-

85 1711 385 1803 quoebantur,
431 1757 599 1786 omncs
632 1755 841 1786 exuteie
861 1738 914 1785 vi
941 1737 1153 1785 maxima
1191 1740 1498 1790 nitebantur:

86 1822 133 1855 et
157 1807 352 1855 adficlue
380 1809 634 1855 malleolos
658 1821 800 1871 atque
827 1807 1127 1854 incendiaria
1151 1809 1244 1855 tela
1267 1823 1500 1876 torquen-

84 1892 181 1935 tes,
241 1878 527 1924 laborabant
547 1876 804 1936 incass'um,
870 1893 923 1922 ea
948 1894 1024 1937 re,
1097 1877 1233 1942 quod
1255 1878 1498 1928 humectis

80 1945 251 1993 scortis
275 1961 322 1993 et
347 1946 639 1994 centonibus
669 1958 804 1992 erant
834 1958 1031 2008 opertae
1065 1947 1291 1994 materiae
1315 1949 1496 2012 plures,

83 2015 203 2062 aliae
224 2029 398 2062 unctae
420 2015 632 2062 alumine
653 2013 935 2077 diligenter,
970 2027 1026 2060 ut
1045 2014 1171 2078 ignis
1193 2015 1242 2061 in
1265 2034 1341 2063 eas
1365 2019 1497 2066 labe-

81 2098 214 2131 retur
232 2085 477 2131 innoxius:
543 2084 733 2132 Verum
753 2084 838 2130 has
862 2078 1175 2131 admoventes
1204 2085 1494 2135 fortitudine

79 2171 254 2216 magna
287 2153 519 2213 Romani,
570 2153 686 2199 licet
718 2151 915 2198 difficile
950 2151 1290 2214 defensabant,
1332 2169 1493 2202 tamen

78 2221 347 2285 cupiditate
367 2220 595 2286 potiundi
615 2219 790 2285 oppidi
809 2238 871 2268 ne
897 2235 1124 2285 prompta
1144 2221 1345 2285 quidem
1368 2225 1493 2286 peri-

79 2291 188 2336 cula
207 2291 599 2338 contemnebant.
672 2289 735 2336 Et
753 2304 922 2337 contra
947 2308 1138 2354 propug³
1127 2304 1351 2351 rnatoreS,
1380 2310 1493 2339 cum

78 2358 176 2405 iani
198 2359 489 2405 discuss'urus
516 2358 691 2406 turrim
711 2354 983 2422 oppolitam
1005 2377 1055 2406 ar
1060 2360 1126 2406 ies
1156 2359 1391 2406 maximus
1412 2360 1496 2408 ad·-

79 2441 319 2491 ventaret,
347 2428 711 2492 prominentem
729 2427 832 2475 eius
852 2428 1060 2476 ferream
1082 2429 1324 2490 flentem,
1370 2448 1494 2494 quae

798 2498 899 2545 P2

443 2605 667 2616 -u———n———o

126 2707 167 2751 7)
205 2707 272 2741 Ms.
311 2707 408 2741 omni
445 2717 604 2754 argento.
652 2705 700 2743 'lm
738 2706 838 2740 omni
878 2710 1110 2751 argumento,
1153 2711 1191 2738 ut
1217 2692 1267 2737 in
1298 2704 1395 2739 Actis
1423 2704 1494 2740 Eu-

78 2750 257 2804 phemiae.
313 2736 514 2789 Traheutes
552 2752 770 2799 argumentis
800 2733 953 2800 lapides.
1013 2754 1051 2799 8)
1088 2729 1157 2785 liis.
1199 2749 1499 2798 oppugnatorum

76 2809 159 2832 vem
185 2808 218 2834 et
241 2798 402 2838 sortitud

1533 593 1582 619 12
