1727 3144
190 102 286 143 4214
427 115 696 148 ,mimam
738 117 1126 148 manentum
1161 117 1303 163 xxvi,
1337 105 1383 149 8.

188 222 269 268 tiis
300 222 536 287 gradatim
570 225 812 273 inclinatis
852 223 1101 287 submisse,
1153 226 1219 273 ita
1253 240 1309 274 ut
1343 224 1592 274 novissimi

189 289 527 357 suffraginibus
563 294 822 342 infidentes
864 294 1073 342 formam
1113 295 1324 344 aedificii
1369 296 1596 343 fornicati

190 356 524 410 monstrarent.
599 363 751 428 Quod
778 362 1027 411 machinae
1061 382 1208 428 genus
1239 379 1408 412 contra
1436 383 1598 412 mura-

190 429 258 478 les
294 449 477 495 pugnas
508 432 621 480 ideo
652 435 886 496 figuratur
924 433 1014 480 hac
1045 433 1229 498 specie,
1263 448 1317 481 ut
1348 433 1598 481 missilium

194 498 316 546 ictus
338 515 481 564 atque
502 501 718 550 saxorum
743 519 828 566 per
854 500 1081 550 decursus
1102 502 1381 551 cadentium
1410 503 1598 564 labiles,
1648 508 1652 512 ’

126 566 340 615 zoinstar
369 570 600 619 imbrium
634 570 931 619 evanescant.
1015 572 1188 637 Itaque
1219 573 1447 620 coniectu
1481 572 1602 618 telo-

195 655 301 683 rum
323 638 453 686 Aliso
473 639 735 706 paullisper
759 639 982 688 defensus
1005 641 1190 705 ingenti
1210 640 1432 705 corporis
1459 641 1603 697 robo-⁴

194 723 269 763 re,
316 705 563 773 suppolito
599 710 757 774 stipite
793 708 1017 756 eamdem
1055 725 1273 758 catenam
1313 710 1490 757 fortius
1526 709 1603 758 ‘bi-

195 777 342 837 penni
367 779 631 827 concidens
651 780 716 826 ita
737 778 1002 841 confregit,
1047 793 1100 825 ut
1130 779 1329 826 disiecta
1364 779 1604 843 pateface-

195 858 266 889 ret
290 844 474 893 aditum
507 848 686 895 latum:
726 847 922 913 hocque
957 847 1087 894 exitu
1118 848 1286 895 civitas
1321 847 1483 894 hostili
1514 848 1603 893 im,

194 927 313 975 xpetu
337 916 491 978 patuit
512 917 818 979 improtecta.
893 915 1004 971 Qua
1027 915 1164 963 causa
1187 917 1416 963 exstincto
1440 916 1604 980 postea

197 983 468 1042 proterviae
494 985 640 1030 totius
666 998 890 1042 auctore,
936 1001 1049 1029 cum
1079 985 1131 1030 in
1158 985 1385 1032 factionis
1416 985 1607 1048 partici-

194 1066 280 1111 pes
313 1049 604 1099 saeviretur:
646 1051 728 1099 hic
761 1050 893 1098 idem
934 1052 1158 1099 tribunus
1189 1054 1605 1117 contemplatione

193 1118 425 1165 facinoris
457 1120 571 1167 clari
604 1120 749 1167 vitam
780 1138 893 1168 cum
925 1120 1097 1168 militia
1122 1122 1357 1182 retinens,
1395 1122 1481 1168 diu
1503 1123 1611 1187 post

195 1185 242 1230 in
264 1185 441 1234 Isauria
464 1190 673 1254 oppetiit
694 1183 948 1238 vastatoria
970 1208 1114 1236 manu
1138 1191 1399 1238 confoss‘us.

128 1269 173 1295 ιι
297 1255 408 1305 Hoc
436 1257 595 1306 Marte
627 1260 804 1325 Cyzico
841 1256 1069 1319 reserata,
1107 1260 1382 1324 Procopius
1413 1257 1475 1306 ad
1504 1277 1612 1307 eam

197 1341 405 1388 propere
426 1327 667 1386 festinavit
686 1347 694 1374 ε
725 1329 965 1391 veniaque
987 1327 1236 1389 universis,
1271 1328 1355 1392 qui
1377 1346 1610 1392 repugna-

199 1410 334 1454 vere,
370 1394 590 1458 donatis,
633 1397 957 1446 Serenianum
987 1395 1145 1444 solum
1181 1397 1373 1445 iniectis
1403 1398 1610 1444 vinculis

128 1459 327 1509 tzinsfit
352 1464 466 1512 duci
498 1466 732 1514 Nicaeam
750 1465 1056 1514 ‘servandum
1087 1465 1332 1514 artisfime.
1415 1466 1615 1513 Statim-

199 1548 292 1594 que
326 1532 622 1583 Hormisdae
653 1534 846 1583 maturo
877 1534 1069 1593 iuveni,
1113 1535 1410 1583 Hormisdae
1442 1535 1612 1599 regalis
1647 1543 1652 1547 ⁴

196 1599 326 1646 iilius
351 1602 482 1663 filio,
524 1604 810 1668 potestatem
840 1603 1144 1668 proconsulis
1179 1603 1380 1668 detulit,
1421 1617 1468 1660 et
1499 1603 1615 1650 civi-

198 1667 262 1713 lia
291 1688 424 1718 more
447 1685 667 1720 veterum
691 1688 738 1721 et
760 1674 888 1721 bella
915 1686 1124 1720 recturo.
1207 1673 1308 1730 Qui
1346 1691 1489 1737 agens
1519 1689 1614 1737 pro

198 1738 620 1802 modbuslenius,
656 1761 682 1790 a
703 1742 968 1803 militibus,
1014 1760 1138 1807 quos
1165 1760 1254 1806 per
1287 1741 1427 1790 devia
1465 1741 1619 1807 Phry.-

202 1805 304 1866 giae
337 1806 530 1859 miserat
566 1811 773 1872 Valens,
820 1810 982 1858 subito
1021 1809 1363 1875 corripiendus
1402 1810 1619 1872 incursu,

200 1887 334 1920 tanto
359 1875 525 1938 vigore
549 1879 718 1938 evalit,
756 1894 810 1927 ut
834 1878 1059 1943 adscensa
1092 1880 1231 1937 navi,
1277 1898 1423 1943 quam
1453 1878 1513 1925 ad
1541 1897 1617 1925 ca-

199 1940 275 1987 sus
306 1958 494 2006 pararat
523 1946 786 2008 ancipites,
829 1946 1111 2011 sequentem
1143 1966 1199 1994 ac
1232 1964 1385 2009 paene
1420 1960 1615 2011 captam

200 2028 404 2058 uxorem
432 2011 711 2076 sagittarum
745 2014 874 2061 nube
908 2014 1078 2061 diffusa
1110 2013 1354 2061 defensam
1377 2029 1616 2063 averteret

200 2077 388 2126 secum:
447 2096 713 2129 matronam
759 2083 1038 2146 opulentam
1086 2097 1133 2130 et
1176 2083 1428 2144 nobilem,
1477 2083 1616 2131 cuius

205 2148 495 2196 verecundia
524 2165 570 2198 et
591 2150 844 2198 destinatio
866 2149 1074 2215 gloriosa
1095 2152 1315 2216 abruptis
1339 2152 1502 2216 postea
1522 2152 1618 2200 dis-

205 2216 493 2266 criminibus
515 2219 742 2266 maritum
765 2219 955 2267 exemit.

133 2281 185 2326 13
300 2286 370 2332 Ea
401 2287 604 2336 victoria
630 2289 754 2336 ultra
789 2289 1014 2335 homines
1058 2286 1332 2352 Procopius
1372 2286 1472 2335 sese
1508 2290 1620 2337 effe..

206 2372 339 2414 rens,
381 2370 427 2402 et
458 2356 683 2421 ignorans
704 2395 716 2418 ,
760 2357 893 2423 quod
933 2356 1091 2422 quivis
1122 2358 1317 2417 beatus,
1348 2356 1478 2409 versa
1506 2372 1614 2406 rota

204 2422 468 2482 Fortunae,
500 2441 609 2474 ante
633 2426 881 2492 vesperum
907 2426 1060 2490 potest
1071 2425 1162 2473 effe
1177 2424 1500 2473 miserrimus:
1524 2426 1616 2474 Ar-

205 2491 417 2539 lietionis
442 2493 662 2557 domum,
699 2496 778 2543 cui
794 2510 932 2544 antea
954 2509 1199 2558 tamquam
1218 2494 1385 2542 eadem
1408 2494 1497 2540 fibi
1514 2493 1617 2543 sen-

207 2559 368 2608 tientis
390 2565 619 2626 parcebat
639 2579 692 2612 ut
713 2565 964 2631 propriae,
1006 2562 1138 2612 iuffit
1160 2563 1420 2624 exinaniri,
1452 2565 1492 2627 ⁷)
1514 2583 1616 2613 nio.

249 2726 291 2771 7}
322 2724 388 2762 ΜΓ.
406 2727 572 2763 mobiles.
