<?xml version="1.0" encoding="UTF-8"?>
<!DOCTYPE html PUBLIC "-//W3C//DTD XHTML 1.0 Transitional//EN"
    "http://www.w3.org/TR/xhtml1/DTD/xhtml1-transitional.dtd">
<html xmlns="http://www.w3.org/1999/xhtml" xml:lang="en" lang="en">
 <head>
  <title>
</title>
<meta http-equiv="Content-Type" content="text/html;charset=utf-8" />
  <meta name='ocr-system' content='tesseract 3.04.00' />
  <meta name='ocr-capabilities' content='ocr_page ocr_carea ocr_par ocr_line ocrx_word'/>
</head>
<body>
  <div class='ocr_page' id='page_1' title='image "ammianimarcellin01ammiuoft_0551.png"; bbox 0 0 1727 3144; ppageno 0'>
   <div class='ocr_carea' id='block_1_1' title="bbox 528 153 1497 200">
    <p class='ocr_par' dir='ltr' id='par_1_1' title="bbox 528 153 1497 200">
     <span class='ocr_line' id='line_1_1' title="bbox 528 153 1497 200; baseline 0.004 -4"><span class='ocrx_word' id='word_1_1' title='bbox 528 162 908 198; x_wconf 68' lang='grc' dir='ltr'><strong>ῐυιιΑΝυε.</strong></span> <span class='ocrx_word' id='word_1_2' title='bbox 981 153 1102 197; x_wconf 79' lang='grc'>565.·</span> <span class='ocrx_word' id='word_1_3' title='bbox 1398 154 1497 200; x_wconf 79' lang='grc'>565</span> 
     </span>
    </p>
   </div>
   <div class='ocr_carea' id='block_1_2' title="bbox 34 272 1550 2687">
    <p class='ocr_par' dir='ltr' id='par_1_2' title="bbox 84 272 1547 616">
     <span class='ocr_line' id='line_1_2' title="bbox 85 272 1500 340; baseline 0.004 -21"><span class='ocrx_word' id='word_1_4' title='bbox 85 273 258 338; x_wconf 58' lang='lat' dir='ltr'>Phrate</span> <span class='ocrx_word' id='word_1_5' title='bbox 289 273 560 336; x_wconf 61' lang='lat' dir='ltr'>transiistis,</span> <span class='ocrx_word' id='word_1_6' title='bbox 619 293 763 324; x_wconf 88' lang='lat' dir='ltr'>naves</span> <span class='ocrx_word' id='word_1_7' title='bbox 807 273 868 322; x_wconf 90' lang='lat' dir='ltr'>ad</span> <span class='ocrx_word' id='word_1_8' title='bbox 913 272 1172 339; x_wconf 83' lang='lat' dir='ltr'><strong>Tigridem</strong></span> <span class='ocrx_word' id='word_1_9' title='bbox 1213 277 1500 340; x_wconf 77' lang='lat' dir='ltr'>commigra-</span> 
     </span>
     <span class='ocr_line' id='line_1_3' title="bbox 87 341 1547 410; baseline 0.001 -22"><span class='ocrx_word' id='word_1_10' title='bbox 87 356 208 389; x_wconf 82' lang='lat' dir='ltr'>rent.</span> <span class='ocrx_word' id='word_1_11' title='bbox 293 343 702 410; x_wconf 86' lang='lat' dir='ltr'>Tutissimumque</span> <span class='ocrx_word' id='word_1_12' title='bbox 737 344 798 392; x_wconf 89' lang='lat' dir='ltr'>ad</span> <span class='ocrx_word' id='word_1_13' title='bbox 835 344 998 393; x_wconf 84' lang='lat' dir='ltr'>omnia</span> <span class='ocrx_word' id='word_1_14' title='bbox 1031 341 1185 391; x_wconf 79' lang='lat' dir='ltr'>visum</span> <span class='ocrx_word' id='word_1_15' title='bbox 1226 344 1292 391; x_wconf 83' lang='lat' dir='ltr'>est</span> <span class='ocrx_word' id='word_1_16' title='bbox 1323 345 1498 393; x_wconf 85' lang='lat' dir='ltr'>eadem</span> <span class='ocrx_word' id='word_1_17' title='bbox 1520 362 1547 390; x_wconf 62' lang='grc' dir='ltr'>τι</span> 
     </span>
     <span class='ocr_line' id='line_1_4' title="bbox 85 410 1500 480; baseline 0.003 -24"><span class='ocrx_word' id='word_1_18' title='bbox 85 412 192 457; x_wconf 90' lang='lat' dir='ltr'>loca</span> <span class='ocrx_word' id='word_1_19' title='bbox 217 412 413 476; x_wconf 86' lang='lat' dir='ltr'>purgari</span> <span class='ocrx_word' id='word_1_20' title='bbox 427 450 439 474; x_wconf 85' lang='lat'>‚</span> <span class='ocrx_word' id='word_1_21' title='bbox 471 432 595 478; x_wconf 85' lang='lat' dir='ltr'>qnae</span> <span class='ocrx_word' id='word_1_22' title='bbox 616 414 868 480; x_wconf 86' lang='lat' dir='ltr'>quondam</span> <span class='ocrx_word' id='word_1_23' title='bbox 887 412 1059 461; x_wconf 86' lang='lat' dir='ltr'>fimilia</span> <span class='ocrx_word' id='word_1_24' title='bbox 1081 410 1252 460; x_wconf 83' lang='lat' dir='ltr'>Persae</span> <span class='ocrx_word' id='word_1_25' title='bbox 1274 411 1500 460; x_wconf 84' lang='lat' dir='ltr'>timentes</span> 
     </span>
     <span class='ocr_line' id='line_1_5' title="bbox 85 480 1500 545; baseline 0.003 -20"><span class='ocrx_word' id='word_1_26' title='bbox 85 481 216 528; x_wconf 85' lang='lat' dir='ltr'>mole</span> <span class='ocrx_word' id='word_1_27' title='bbox 244 480 466 529; x_wconf 80' lang='lat' dir='ltr'>saxorum</span> <span class='ocrx_word' id='word_1_28' title='bbox 509 485 717 531; x_wconf 91' lang='lat' dir='ltr'>obruere</span> <span class='ocrx_word' id='word_1_29' title='bbox 750 484 1032 531; x_wconf 84' lang='lat' dir='ltr'>multorum.</span> <span class='ocrx_word' id='word_1_30' title='bbox 1129 482 1334 545; x_wconf 81' lang='lat' dir='ltr'>Hacque</span> <span class='ocrx_word' id='word_1_31' title='bbox 1377 482 1500 530; x_wconf 86' lang='lat' dir='ltr'>valle</span> 
     </span>
     <span class='ocr_line' id='line_1_6' title="bbox 84 549 1501 616; baseline 0.002 -21"><span class='ocrx_word' id='word_1_32' title='bbox 84 564 313 613; x_wconf 76' lang='lat' dir='ltr'>purgata,</span> <span class='ocrx_word' id='word_1_33' title='bbox 356 553 392 616; x_wconf 86' lang='lat'>¹)</span> <span class='ocrx_word' id='word_1_34' title='bbox 420 552 592 600; x_wconf 83' lang='lat' dir='ltr'>avulfis</span> <span class='ocrx_word' id='word_1_35' title='bbox 617 552 870 600; x_wconf 77' lang='lat' dir='ltr'>cataractis</span> <span class='ocrx_word' id='word_1_36' title='bbox 893 551 1134 600; x_wconf 87' lang='lat' dir='ltr'>undarum</span> <span class='ocrx_word' id='word_1_37' title='bbox 1164 549 1501 614; x_wconf 81' lang='lat' dir='ltr'>magnitudine</span> 
     </span>
    </p>

    <p class='ocr_par' dir='ltr' id='par_1_3' title="bbox 34 618 1550 1355">
     <span class='ocr_line' id='line_1_7' title="bbox 34 618 1502 681; baseline 0.003 -20"><span class='ocrx_word' id='word_1_38' title='bbox 34 644 38 647; x_wconf 26' lang='grc' dir='ltr'><strong>Δ</strong></span> <span class='ocrx_word' id='word_1_39' title='bbox 85 618 236 664; x_wconf 68' lang='lat' dir='ltr'>claffis</span> <span class='ocrx_word' id='word_1_40' title='bbox 261 619 425 667; x_wconf 83' lang='lat' dir='ltr'>secura</span> <span class='ocrx_word' id='word_1_41' title='bbox 448 620 610 668; x_wconf 82' lang='lat' dir='ltr'>stadiis</span> <span class='ocrx_word' id='word_1_42' title='bbox 633 640 753 670; x_wconf 69' lang='lat' dir='ltr'>xxx.</span> <span class='ocrx_word' id='word_1_43' title='bbox 784 620 1023 681; x_wconf 71' lang='lat' dir='ltr'>decursis,</span> <span class='ocrx_word' id='word_1_44' title='bbox 1055 621 1104 667; x_wconf 89' lang='lat' dir='ltr'>in</span> <span class='ocrx_word' id='word_1_45' title='bbox 1129 620 1322 676; x_wconf 81' lang='lat' dir='ltr'>alveum</span> <span class='ocrx_word' id='word_1_46' title='bbox 1349 619 1502 667; x_wconf 85' lang='lat' dir='ltr'>eiecta</span> 
     </span>
     <span class='ocr_line' id='line_1_8' title="bbox 86 686 1503 754; baseline 0.002 -22"><span class='ocrx_word' id='word_1_47' title='bbox 86 686 152 732; x_wconf 81' lang='lat' dir='ltr'>est</span> <span class='ocrx_word' id='word_1_48' title='bbox 182 687 428 750; x_wconf 79' lang='lat' dir='ltr'>Tigridis:</span> <span class='ocrx_word' id='word_1_49' title='bbox 478 704 525 736; x_wconf 90' lang='lat' dir='ltr'>et</span> <span class='ocrx_word' id='word_1_50' title='bbox 568 690 808 736; x_wconf 82' lang='lat' dir='ltr'>contextis</span> <span class='ocrx_word' id='word_1_51' title='bbox 842 690 978 736; x_wconf 88' lang='lat' dir='ltr'>illico</span> <span class='ocrx_word' id='word_1_52' title='bbox 1008 688 1242 754; x_wconf 86' lang='lat' dir='ltr'>pontibus</span> <span class='ocrx_word' id='word_1_53' title='bbox 1281 688 1323 754; x_wconf 82' lang='lat'>2)</span> <span class='ocrx_word' id='word_1_54' title='bbox 1351 702 1503 735; x_wconf 88' lang='lat' dir='ltr'>trans-</span> 
     </span>
     <span class='ocr_line' id='line_1_9' title="bbox 86 755 1498 822; baseline 0.002 -21"><span class='ocrx_word' id='word_1_55' title='bbox 86 755 264 815; x_wconf 72' lang='lat' dir='ltr'>gress‘us</span> <span class='ocrx_word' id='word_1_56' title='bbox 303 758 567 818; x_wconf 77' lang='lat' dir='ltr'>exercitus,</span> <span class='ocrx_word' id='word_1_57' title='bbox 617 758 709 805; x_wconf 90' lang='lat' dir='ltr'>iter</span> <span class='ocrx_word' id='word_1_58' title='bbox 736 760 773 822; x_wconf 86' lang='lat'>³)</span> <span class='ocrx_word' id='word_1_59' title='bbox 798 758 1002 806; x_wconf 83' lang='lat' dir='ltr'>Cochen</span> <span class='ocrx_word' id='word_1_60' title='bbox 1029 757 1191 804; x_wconf 86' lang='lat' dir='ltr'>versus</span> <span class='ocrx_word' id='word_1_61' title='bbox 1233 757 1498 821; x_wconf 84' lang='lat' dir='ltr'>promovit.</span> 
     </span>
     <span class='ocr_line' id='line_1_10' title="bbox 82 823 1550 891; baseline 0.003 -22"><span class='ocrx_word' id='word_1_62' title='bbox 82 823 250 888; x_wconf 84' lang='lat' dir='ltr'>thue</span> <span class='ocrx_word' id='word_1_63' title='bbox 278 825 541 872; x_wconf 87' lang='lat' dir='ltr'>lassitudini</span> <span class='ocrx_word' id='word_1_64' title='bbox 573 825 869 875; x_wconf 70' lang='lat' dir='ltr'>succederet</span> <span class='ocrx_word' id='word_1_65' title='bbox 896 826 1035 891; x_wconf 89' lang='lat' dir='ltr'>quies</span> <span class='ocrx_word' id='word_1_66' title='bbox 1082 840 1388 890; x_wconf 83' lang='lat' dir='ltr'>opportuna,</span> <span class='ocrx_word' id='word_1_67' title='bbox 1448 827 1499 873; x_wconf 84' lang='lat' dir='ltr'>in</span> <span class='ocrx_word' id='word_1_68' title='bbox 1522 837 1550 879; x_wconf 79' lang='lat'>3</span> 
     </span>
     <span class='ocr_line' id='line_1_11' title="bbox 86 892 1506 960; baseline 0.003 -22"><span class='ocrx_word' id='word_1_69' title='bbox 86 907 202 956; x_wconf 87' lang='lat' dir='ltr'>agro</span> <span class='ocrx_word' id='word_1_70' title='bbox 225 892 536 942; x_wconf 79' lang='lat' dir='ltr'>consedimus</span> <span class='ocrx_word' id='word_1_71' title='bbox 559 896 821 960; x_wconf 85' lang='lat' dir='ltr'>opulento,</span> <span class='ocrx_word' id='word_1_72' title='bbox 852 895 1057 943; x_wconf 82' lang='lat' dir='ltr'>arbustis</span> <span class='ocrx_word' id='word_1_73' title='bbox 1078 909 1126 943; x_wconf 84' lang='lat' dir='ltr'>et</span> <span class='ocrx_word' id='word_1_74' title='bbox 1146 895 1328 942; x_wconf 82' lang='lat' dir='ltr'>vitibus</span> <span class='ocrx_word' id='word_1_75' title='bbox 1352 910 1400 943; x_wconf 88' lang='lat' dir='ltr'>et</span> <span class='ocrx_word' id='word_1_76' title='bbox 1422 915 1506 942; x_wconf 87' lang='lat' dir='ltr'>cu-</span> 
     </span>
     <span class='ocr_line' id='line_1_12' title="bbox 86 961 1503 1025; baseline 0.003 -18"><span class='ocrx_word' id='word_1_77' title='bbox 86 961 355 1024; x_wconf 83' lang='lat' dir='ltr'>prefforum</span> <span class='ocrx_word' id='word_1_78' title='bbox 377 963 624 1012; x_wconf 84' lang='lat' dir='ltr'>viriditate</span> <span class='ocrx_word' id='word_1_79' title='bbox 642 964 923 1025; x_wconf 86' lang='lat' dir='ltr'>laetiffimo,</span> <span class='ocrx_word' id='word_1_80' title='bbox 967 964 1107 1011; x_wconf 88' lang='lat' dir='ltr'>cuius</span> <span class='ocrx_word' id='word_1_81' title='bbox 1139 965 1189 1010; x_wconf 89' lang='lat' dir='ltr'>in</span> <span class='ocrx_word' id='word_1_82' title='bbox 1230 963 1398 1012; x_wconf 88' lang='lat' dir='ltr'>medio</span> <span class='ocrx_word' id='word_1_83' title='bbox 1431 964 1503 1011; x_wconf 85' lang='lat' dir='ltr'>di-</span> 
     </span>
     <span class='ocr_line' id='line_1_13' title="bbox 84 1028 1502 1097; baseline 0.004 -22"><span class='ocrx_word' id='word_1_84' title='bbox 84 1028 352 1077; x_wconf 85' lang='lat' dir='ltr'>versorium</span> <span class='ocrx_word' id='word_1_85' title='bbox 382 1050 590 1097; x_wconf 87' lang='lat' dir='ltr'>opacum</span> <span class='ocrx_word' id='word_1_86' title='bbox 617 1034 683 1082; x_wconf 82' lang='lat' dir='ltr'>est</span> <span class='ocrx_word' id='word_1_87' title='bbox 707 1048 755 1081; x_wconf 87' lang='lat' dir='ltr'>et</span> <span class='ocrx_word' id='word_1_88' title='bbox 779 1051 1068 1092; x_wconf 85' lang='lat' dir='ltr'>amoenum,</span> <span class='ocrx_word' id='word_1_89' title='bbox 1111 1033 1314 1095; x_wconf 77' lang='lat' dir='ltr'>gentiles</span> <span class='ocrx_word' id='word_1_90' title='bbox 1346 1034 1502 1096; x_wconf 79' lang='lat' dir='ltr'>pictu-</span> 
     </span>
     <span class='ocr_line' id='line_1_14' title="bbox 82 1099 1501 1166; baseline 0.003 -21"><span class='ocrx_word' id='word_1_91' title='bbox 82 1117 155 1145; x_wconf 82' lang='lat' dir='ltr'>ras</span> <span class='ocrx_word' id='word_1_92' title='bbox 188 1117 275 1163; x_wconf 88' lang='lat' dir='ltr'>per</span> <span class='ocrx_word' id='word_1_93' title='bbox 307 1118 477 1150; x_wconf 89' lang='lat' dir='ltr'>omnes</span> <span class='ocrx_word' id='word_1_94' title='bbox 507 1102 704 1150; x_wconf 86' lang='lat' dir='ltr'>aedium</span> <span class='ocrx_word' id='word_1_95' title='bbox 739 1116 901 1166; x_wconf 86' lang='lat' dir='ltr'>partes</span> <span class='ocrx_word' id='word_1_96' title='bbox 933 1099 1224 1158; x_wconf 86' lang='lat' dir='ltr'>ostendens,</span> <span class='ocrx_word' id='word_1_97' title='bbox 1263 1103 1388 1165; x_wconf 85' lang='lat' dir='ltr'>regis</span> <span class='ocrx_word' id='word_1_98' title='bbox 1418 1103 1501 1149; x_wconf 91' lang='lat' dir='ltr'>be-</span> 
     </span>
     <span class='ocr_line' id='line_1_15' title="bbox 83 1168 1498 1235; baseline 0.002 -22"><span class='ocrx_word' id='word_1_99' title='bbox 83 1168 188 1215; x_wconf 71' lang='lat' dir='ltr'>nias</span> <span class='ocrx_word' id='word_1_100' title='bbox 245 1171 500 1219; x_wconf 88' lang='lat' dir='ltr'>venatione</span> <span class='ocrx_word' id='word_1_101' title='bbox 553 1171 816 1235; x_wconf 81' lang='lat' dir='ltr'>multiplici</span> <span class='ocrx_word' id='word_1_102' title='bbox 868 1168 1182 1217; x_wconf 80' lang='lat' dir='ltr'>trucidantis:</span> <span class='ocrx_word' id='word_1_103' title='bbox 1227 1187 1316 1216; x_wconf 88' lang='lat' dir='ltr'>nec</span> <span class='ocrx_word' id='word_1_104' title='bbox 1366 1171 1498 1217; x_wconf 83' lang='lat' dir='ltr'>enim</span> 
     </span>
     <span class='ocr_line' id='line_1_16' title="bbox 85 1237 1498 1304; baseline 0.003 -22"><span class='ocrx_word' id='word_1_105' title='bbox 85 1237 219 1301; x_wconf 87' lang='lat' dir='ltr'>apud</span> <span class='ocrx_word' id='word_1_106' title='bbox 245 1256 328 1285; x_wconf 90' lang='lat' dir='ltr'>eos</span> <span class='ocrx_word' id='word_1_107' title='bbox 360 1240 577 1303; x_wconf 81' lang='lat' dir='ltr'>pingitur</span> <span class='ocrx_word' id='word_1_108' title='bbox 604 1240 682 1288; x_wconf 89' lang='lat' dir='ltr'>vel</span> <span class='ocrx_word' id='word_1_109' title='bbox 711 1240 912 1304; x_wconf 83' lang='lat' dir='ltr'>fingitur</span> <span class='ocrx_word' id='word_1_110' title='bbox 947 1237 1081 1285; x_wconf 89' lang='lat' dir='ltr'>aliud</span> <span class='ocrx_word' id='word_1_111' title='bbox 1120 1253 1306 1303; x_wconf 84' lang='lat' dir='ltr'>praeter</span> <span class='ocrx_word' id='word_1_112' title='bbox 1347 1239 1498 1287; x_wconf 85' lang='lat' dir='ltr'>varias</span> 
     </span>
     <span class='ocr_line' id='line_1_17' title="bbox 86 1305 495 1355; baseline 0.007 -3"><span class='ocrx_word' id='word_1_113' title='bbox 86 1305 262 1353; x_wconf 87' lang='lat' dir='ltr'>caedes</span> <span class='ocrx_word' id='word_1_114' title='bbox 282 1320 330 1354; x_wconf 90' lang='lat' dir='ltr'>et</span> <span class='ocrx_word' id='word_1_115' title='bbox 351 1309 495 1355; x_wconf 85' lang='lat' dir='ltr'>bella.</span> 
     </span>
    </p>

    <p class='ocr_par' dir='ltr' id='par_1_4' title="bbox 82 1374 1549 2687">
     <span class='ocr_line' id='line_1_18' title="bbox 178 1374 1549 1440; baseline 0.003 -20"><span class='ocrx_word' id='word_1_116' title='bbox 178 1374 396 1424; x_wconf 81' lang='lat' dir='ltr'>Proinde</span> <span class='ocrx_word' id='word_1_117' title='bbox 427 1377 615 1424; x_wconf 85' lang='lat' dir='ltr'>cunctis</span> <span class='ocrx_word' id='word_1_118' title='bbox 648 1395 705 1424; x_wconf 81' lang='lat' dir='ltr'>ex</span> <span class='ocrx_word' id='word_1_119' title='bbox 731 1374 969 1424; x_wconf 84' lang='lat' dir='ltr'>sententia</span> <span class='ocrx_word' id='word_1_120' title='bbox 1006 1375 1302 1436; x_wconf 86' lang='lat' dir='ltr'>terminatis,</span> <span class='ocrx_word' id='word_1_121' title='bbox 1340 1378 1549 1440; x_wconf 71' lang='lat' dir='ltr'>Augu-4</span> 
     </span>
     <span class='ocr_line' id='line_1_19' title="bbox 82 1442 1500 1505; baseline 0.002 -16"><span class='ocrx_word' id='word_1_122' title='bbox 82 1442 178 1489; x_wconf 83' lang='lat' dir='ltr'>stus</span> <span class='ocrx_word' id='word_1_123' title='bbox 213 1444 355 1491; x_wconf 88' lang='lat' dir='ltr'>altius</span> <span class='ocrx_word' id='word_1_124' title='bbox 387 1445 483 1493; x_wconf 87' lang='lat' dir='ltr'>iam</span> <span class='ocrx_word' id='word_1_125' title='bbox 512 1460 683 1493; x_wconf 87' lang='lat' dir='ltr'>contra</span> <span class='ocrx_word' id='word_1_126' title='bbox 714 1445 1022 1491; x_wconf 73' lang='lat' dir='ltr'>difficultates</span> <span class='ocrx_word' id='word_1_127' title='bbox 1056 1462 1224 1490; x_wconf 85' lang='lat' dir='ltr'>omnes</span> <span class='ocrx_word' id='word_1_128' title='bbox 1253 1444 1500 1505; x_wconf 87' lang='lat' dir='ltr'>incedens,</span> 
     </span>
     <span class='ocr_line' id='line_1_20' title="bbox 82 1511 1502 1578; baseline 0.002 -21"><span class='ocrx_word' id='word_1_129' title='bbox 82 1525 372 1577; x_wconf 86' lang='lat' dir='ltr'>tantumque</span> <span class='ocrx_word' id='word_1_130' title='bbox 404 1534 430 1560; x_wconf 92' lang='lat' dir='ltr'>a</span> <span class='ocrx_word' id='word_1_131' title='bbox 461 1515 658 1561; x_wconf 85' lang='lat' dir='ltr'>fortuna</span> <span class='ocrx_word' id='word_1_132' title='bbox 688 1514 881 1578; x_wconf 80' lang='lat' dir='ltr'>sperans</span> <span class='ocrx_word' id='word_1_133' title='bbox 914 1511 1138 1558; x_wconf 85' lang='lat' dir='ltr'>nondum</span> <span class='ocrx_word' id='word_1_134' title='bbox 1171 1513 1390 1575; x_wconf 76' lang='lat' dir='ltr'>adflicta,</span> <span class='ocrx_word' id='word_1_135' title='bbox 1447 1528 1502 1560; x_wconf 89' lang='lat' dir='ltr'>ut</span> 
     </span>
     <span class='ocr_line' id='line_1_21' title="bbox 83 1580 1504 1645; baseline 0.002 -18"><span class='ocrx_word' id='word_1_136' title='bbox 83 1581 288 1645; x_wconf 87' lang='lat' dir='ltr'>propius</span> <span class='ocrx_word' id='word_1_137' title='bbox 309 1584 634 1631; x_wconf 80' lang='lat' dir='ltr'>temeritatem</span> <span class='ocrx_word' id='word_1_138' title='bbox 653 1583 807 1629; x_wconf 88' lang='lat' dir='ltr'>multa</span> <span class='ocrx_word' id='word_1_139' title='bbox 826 1580 1002 1628; x_wconf 88' lang='lat' dir='ltr'>crebro</span> <span class='ocrx_word' id='word_1_140' title='bbox 1029 1581 1230 1627; x_wconf 84' lang='lat' dir='ltr'>auderet</span> <span class='ocrx_word' id='word_1_141' title='bbox 1248 1599 1256 1626; x_wconf 90' lang='lat'>:</span> <span class='ocrx_word' id='word_1_142' title='bbox 1297 1582 1504 1630; x_wconf 52' lang='lat' dir='ltr'>validioss</span> 
     </span>
     <span class='ocr_line' id='line_1_22' title="bbox 88 1649 1504 1716; baseline 0.001 -20"><span class='ocrx_word' id='word_1_143' title='bbox 88 1667 162 1697; x_wconf 92' lang='lat' dir='ltr'>res</span> <span class='ocrx_word' id='word_1_144' title='bbox 193 1668 364 1712; x_wconf 81' lang='lat' dir='ltr'>naves,</span> <span class='ocrx_word' id='word_1_145' title='bbox 411 1668 468 1699; x_wconf 82' lang='lat' dir='ltr'>ex</span> <span class='ocrx_word' id='word_1_146' title='bbox 494 1652 596 1712; x_wconf 88' lang='lat' dir='ltr'>his,</span> <span class='ocrx_word' id='word_1_147' title='bbox 640 1668 763 1716; x_wconf 89' lang='lat' dir='ltr'>quae</span> <span class='ocrx_word' id='word_1_148' title='bbox 795 1649 1025 1697; x_wconf 88' lang='lat' dir='ltr'>alimenta</span> <span class='ocrx_word' id='word_1_149' title='bbox 1056 1650 1316 1713; x_wconf 83' lang='lat' dir='ltr'>portabant</span> <span class='ocrx_word' id='word_1_150' title='bbox 1337 1667 1386 1699; x_wconf 89' lang='lat' dir='ltr'>et</span> <span class='ocrx_word' id='word_1_151' title='bbox 1405 1670 1504 1698; x_wconf 90' lang='lat' dir='ltr'>ma-</span> 
     </span>
     <span class='ocr_line' id='line_1_23' title="bbox 86 1717 1506 1783; baseline 0.002 -19"><span class='ocrx_word' id='word_1_152' title='bbox 86 1717 285 1780; x_wconf 80' lang='lat' dir='ltr'>chinaS,</span> <span class='ocrx_word' id='word_1_153' title='bbox 321 1722 608 1769; x_wconf 84' lang='lat' dir='ltr'>deoneratas</span> <span class='ocrx_word' id='word_1_154' title='bbox 631 1718 884 1783; x_wconf 87' lang='lat' dir='ltr'>octogenis</span> <span class='ocrx_word' id='word_1_155' title='bbox 914 1717 1139 1782; x_wconf 85' lang='lat' dir='ltr'>implevit</span> <span class='ocrx_word' id='word_1_156' title='bbox 1172 1720 1393 1767; x_wconf 86' lang='lat' dir='ltr'>armatis:</span> <span class='ocrx_word' id='word_1_157' title='bbox 1435 1738 1506 1767; x_wconf 87' lang='lat' dir='ltr'>re-</span> 
     </span>
     <span class='ocr_line' id='line_1_24' title="bbox 85 1787 1529 1852; baseline 0.002 -19"><span class='ocrx_word' id='word_1_158' title='bbox 85 1801 323 1852; x_wconf 87' lang='lat' dir='ltr'>tentoque</span> <span class='ocrx_word' id='word_1_159' title='bbox 352 1788 516 1838; x_wconf 81' lang='lat' dir='ltr'>secum</span> <span class='ocrx_word' id='word_1_160' title='bbox 556 1788 707 1837; x_wconf 83' lang='lat' dir='ltr'>classis</span> <span class='ocrx_word' id='word_1_161' title='bbox 749 1788 930 1835; x_wconf 89' lang='lat' dir='ltr'>robore</span> <span class='ocrx_word' id='word_1_162' title='bbox 971 1787 1220 1848; x_wconf 81' lang='lat' dir='ltr'>firmiore,</span> <span class='ocrx_word' id='word_1_163' title='bbox 1266 1807 1413 1852; x_wconf 86' lang='lat' dir='ltr'>quam</span> <span class='ocrx_word' id='word_1_164' title='bbox 1451 1789 1529 1836; x_wconf 88' lang='lat' dir='ltr'>in-</span> 
     </span>
     <span class='ocr_line' id='line_1_25' title="bbox 87 1855 1504 1924; baseline 0.001 -22"><span class='ocrx_word' id='word_1_165' title='bbox 87 1870 183 1904; x_wconf 89' lang='lat' dir='ltr'>tres</span> <span class='ocrx_word' id='word_1_166' title='bbox 215 1856 444 1906; x_wconf 83' lang='lat' dir='ltr'>diviserat</span> <span class='ocrx_word' id='word_1_167' title='bbox 476 1873 662 1924; x_wconf 86' lang='lat' dir='ltr'>partes,</span> <span class='ocrx_word' id='word_1_168' title='bbox 721 1875 870 1904; x_wconf 89' lang='lat' dir='ltr'>unam</span> <span class='ocrx_word' id='word_1_169' title='bbox 904 1875 1018 1903; x_wconf 86' lang='lat' dir='ltr'>cum</span> <span class='ocrx_word' id='word_1_170' title='bbox 1065 1855 1264 1904; x_wconf 84' lang='lat' dir='ltr'>Victore</span> <span class='ocrx_word' id='word_1_171' title='bbox 1310 1858 1504 1906; x_wconf 88' lang='lat' dir='ltr'>Comite</span> 
     </span>
     <span class='ocr_line' id='line_1_26' title="bbox 89 1925 1502 1992; baseline 0.003 -23"><span class='ocrx_word' id='word_1_172' title='bbox 89 1926 253 1989; x_wconf 85' lang='lat' dir='ltr'>quiete</span> <span class='ocrx_word' id='word_1_173' title='bbox 288 1928 447 1992; x_wconf 87' lang='lat' dir='ltr'>prima</span> <span class='ocrx_word' id='word_1_174' title='bbox 482 1929 640 1975; x_wconf 87' lang='lat' dir='ltr'>noctis</span> <span class='ocrx_word' id='word_1_175' title='bbox 679 1925 837 1973; x_wconf 88' lang='lat' dir='ltr'>emitti</span> <span class='ocrx_word' id='word_1_176' title='bbox 879 1925 1149 1990; x_wconf 82' lang='lat' dir='ltr'>disposuit,</span> <span class='ocrx_word' id='word_1_177' title='bbox 1205 1941 1261 1973; x_wconf 87' lang='lat' dir='ltr'>ut</span> <span class='ocrx_word' id='word_1_178' title='bbox 1299 1929 1502 1974; x_wconf 86' lang='lat' dir='ltr'>flumine</span> 
     </span>
     <span class='ocr_line' id='line_1_27' title="bbox 90 1995 1500 2059; baseline 0 -19"><span class='ocrx_word' id='word_1_179' title='bbox 90 1995 269 2059; x_wconf 84' lang='lat' dir='ltr'>raptim</span> <span class='ocrx_word' id='word_1_180' title='bbox 327 1995 600 2044; x_wconf 79' lang='lat' dir='ltr'>transmiffo</span> <span class='ocrx_word' id='word_1_181' title='bbox 661 1996 798 2059; x_wconf 84' lang='lat' dir='ltr'>ripae</span> <span class='ocrx_word' id='word_1_182' title='bbox 871 2004 1229 2059; x_wconf 78' lang='lat' dir='ltr'>occuparentur</span> <span class='ocrx_word' id='word_1_183' title='bbox 1285 1996 1500 2043; x_wconf 85' lang='lat' dir='ltr'>hostiles.</span> 
     </span>
     <span class='ocr_line' id='line_1_28' title="bbox 91 2062 1549 2129; baseline 0 -19"><span class='ocrx_word' id='word_1_184' title='bbox 91 2063 243 2119; x_wconf 87' lang='lat' dir='ltr'>Quod</span> <span class='ocrx_word' id='word_1_185' title='bbox 264 2083 375 2113; x_wconf 89' lang='lat' dir='ltr'>cum</span> <span class='ocrx_word' id='word_1_186' title='bbox 398 2066 497 2114; x_wconf 89' lang='lat' dir='ltr'>acri</span> <span class='ocrx_word' id='word_1_187' title='bbox 522 2079 657 2113; x_wconf 88' lang='lat' dir='ltr'>metu</span> <span class='ocrx_word' id='word_1_188' title='bbox 674 2063 832 2112; x_wconf 87' lang='lat' dir='ltr'>territi</span> <span class='ocrx_word' id='word_1_189' title='bbox 855 2062 1003 2111; x_wconf 88' lang='lat' dir='ltr'>duces</span> <span class='ocrx_word' id='word_1_190' title='bbox 1035 2064 1274 2111; x_wconf 90' lang='lat' dir='ltr'>concordi</span> <span class='ocrx_word' id='word_1_191' title='bbox 1304 2079 1501 2129; x_wconf 80' lang='lat' dir='ltr'>precatu</span> <span class='ocrx_word' id='word_1_192' title='bbox 1521 2082 1549 2126; x_wconf 81' lang='lat'><em>5</em></span> 
     </span>
     <span class='ocr_line' id='line_1_29' title="bbox 88 2133 1502 2198; baseline 0.001 -20"><span class='ocrx_word' id='word_1_193' title='bbox 88 2133 197 2179; x_wconf 90' lang='lat' dir='ltr'>fieri</span> <span class='ocrx_word' id='word_1_194' title='bbox 218 2135 485 2196; x_wconf 85' lang='lat' dir='ltr'>prohibere</span> <span class='ocrx_word' id='word_1_195' title='bbox 510 2147 778 2194; x_wconf 85' lang='lat' dir='ltr'>tentarent,</span> <span class='ocrx_word' id='word_1_196' title='bbox 823 2151 984 2198; x_wconf 89' lang='lat' dir='ltr'>neque</span> <span class='ocrx_word' id='word_1_197' title='bbox 1015 2133 1386 2180; x_wconf 80' lang='lat' dir='ltr'>destinationem</span> <span class='ocrx_word' id='word_1_198' title='bbox 1419 2136 1502 2180; x_wconf 88' lang='lat' dir='ltr'>fle-</span> 
     </span>
     <span class='ocr_line' id='line_1_30' title="bbox 89 2198 1500 2268; baseline 0.001 -22"><span class='ocrx_word' id='word_1_199' title='bbox 89 2215 278 2249; x_wconf 88' lang='lat' dir='ltr'>cterent</span> <span class='ocrx_word' id='word_1_200' title='bbox 315 2203 587 2268; x_wconf 79' lang='lat' dir='ltr'>Principis,</span> <span class='ocrx_word' id='word_1_201' title='bbox 638 2201 831 2250; x_wconf 83' lang='lat' dir='ltr'>sublato</span> <span class='ocrx_word' id='word_1_202' title='bbox 870 2202 1073 2262; x_wconf 81' lang='lat' dir='ltr'>vexillo,</span> <span class='ocrx_word' id='word_1_203' title='bbox 1115 2216 1170 2248; x_wconf 88' lang='lat' dir='ltr'>nt</span> <span class='ocrx_word' id='word_1_204' title='bbox 1200 2198 1374 2248; x_wconf 78' lang='lat' dir='ltr'>iussiim</span> <span class='ocrx_word' id='word_1_205' title='bbox 1418 2202 1500 2262; x_wconf 82' lang='lat' dir='ltr'>est,</span> 
     </span>
     <span class='ocr_line' id='line_1_31' title="bbox 93 2271 1499 2337; baseline 0 -21"><span class='ocrx_word' id='word_1_206' title='bbox 93 2271 288 2319; x_wconf 89' lang='lat' dir='ltr'>evolant</span> <span class='ocrx_word' id='word_1_207' title='bbox 309 2289 332 2319; x_wconf 92' lang='lat' dir='ltr'>e</span> <span class='ocrx_word' id='word_1_208' title='bbox 363 2271 628 2337; x_wconf 83' lang='lat' dir='ltr'>conspectu</span> <span class='ocrx_word' id='word_1_209' title='bbox 658 2272 875 2336; x_wconf 89' lang='lat' dir='ltr'>quinque</span> <span class='ocrx_word' id='word_1_210' title='bbox 898 2271 1067 2319; x_wconf 70' lang='lat' dir='ltr'>subito</span> <span class='ocrx_word' id='word_1_211' title='bbox 1103 2287 1273 2317; x_wconf 88' lang='lat' dir='ltr'>naves:</span> <span class='ocrx_word' id='word_1_212' title='bbox 1314 2283 1360 2316; x_wconf 87' lang='lat' dir='ltr'>et</span> <span class='ocrx_word' id='word_1_213' title='bbox 1386 2288 1499 2321; x_wconf 75' lang='lat' dir='ltr'>cuni</span> 
     </span>
     <span class='ocr_line' id='line_1_32' title="bbox 91 2338 1499 2402; baseline -0.001 -16"><span class='ocrx_word' id='word_1_214' title='bbox 91 2339 222 2402; x_wconf 81' lang='lat' dir='ltr'>ripas</span> <span class='ocrx_word' id='word_1_215' title='bbox 245 2340 341 2388; x_wconf 89' lang='lat' dir='ltr'>iam</span> <span class='ocrx_word' id='word_1_216' title='bbox 365 2341 698 2401; x_wconf 75' lang='lat' dir='ltr'>adventarent,</span> <span class='ocrx_word' id='word_1_217' title='bbox 726 2341 916 2388; x_wconf 84' lang='lat' dir='ltr'>facibus</span> <span class='ocrx_word' id='word_1_218' title='bbox 937 2357 985 2389; x_wconf 87' lang='lat' dir='ltr'>et</span> <span class='ocrx_word' id='word_1_219' title='bbox 1007 2340 1140 2386; x_wconf 83' lang='lat' dir='ltr'>omni</span> <span class='ocrx_word' id='word_1_220' title='bbox 1161 2338 1375 2397; x_wconf 82' lang='lat' dir='ltr'>materia,</span> <span class='ocrx_word' id='word_1_221' title='bbox 1406 2357 1499 2402; x_wconf 85' lang='lat' dir='ltr'>qua</span> 
     </span>
     <span class='ocr_line' id='line_1_33' title="bbox 93 2407 1502 2475; baseline 0 -21"><span class='ocrx_word' id='word_1_222' title='bbox 93 2409 236 2455; x_wconf 85' lang='lat' dir='ltr'>alitur</span> <span class='ocrx_word' id='word_1_223' title='bbox 270 2410 422 2475; x_wconf 82' lang='lat' dir='ltr'>ignis,</span> <span class='ocrx_word' id='word_1_224' title='bbox 467 2411 645 2475; x_wconf 87' lang='lat' dir='ltr'>petitae</span> <span class='ocrx_word' id='word_1_225' title='bbox 677 2407 889 2456; x_wconf 85' lang='lat' dir='ltr'>adliduis</span> <span class='ocrx_word' id='word_1_226' title='bbox 921 2408 1152 2465; x_wconf 68' lang='lat' dir='ltr'>iactibus,</span> <span class='ocrx_word' id='word_1_227' title='bbox 1195 2425 1306 2454; x_wconf 80' lang='lat' dir='ltr'>culn</span> <span class='ocrx_word' id='word_1_228' title='bbox 1337 2407 1502 2454; x_wconf 83' lang='lat' dir='ltr'>militi-</span> 
     </span>
     <span class='ocr_line' id='line_1_34' title="bbox 94 2476 1499 2543; baseline 0.001 -21"><span class='ocrx_word' id='word_1_229' title='bbox 94 2478 185 2523; x_wconf 81' lang='lat' dir='ltr'>bus</span> <span class='ocrx_word' id='word_1_230' title='bbox 220 2478 317 2525; x_wconf 88' lang='lat' dir='ltr'>iam</span> <span class='ocrx_word' id='word_1_231' title='bbox 351 2477 742 2543; x_wconf 76' lang='lat' dir='ltr'>conflagrassent,</span> <span class='ocrx_word' id='word_1_232' title='bbox 787 2479 836 2524; x_wconf 89' lang='lat' dir='ltr'>ni</span> <span class='ocrx_word' id='word_1_233' title='bbox 879 2478 1035 2526; x_wconf 70' lang='lat' dir='ltr'>veloci</span> <span class='ocrx_word' id='word_1_234' title='bbox 1081 2477 1246 2539; x_wconf 78' lang='lat' dir='ltr'>vigore</span> <span class='ocrx_word' id='word_1_235' title='bbox 1288 2476 1499 2539; x_wconf 76' lang='lat' dir='ltr'>pectoris</span> 
     </span>
     <span class='ocr_line' id='line_1_35' title="bbox 97 2544 1501 2613; baseline -0.001 -20"><span class='ocrx_word' id='word_1_236' title='bbox 97 2547 280 2594; x_wconf 83' lang='lat' dir='ltr'>excitus</span> <span class='ocrx_word' id='word_1_237' title='bbox 321 2549 622 2613; x_wconf 83' lang='lat' dir='ltr'>Imperator,</span> <span class='ocrx_word' id='word_1_238' title='bbox 679 2545 867 2611; x_wconf 83' lang='lat' dir='ltr'>fignum</span> <span class='ocrx_word' id='word_1_239' title='bbox 906 2546 994 2593; x_wconf 84' lang='lat' dir='ltr'>fibi</span> <span class='ocrx_word' id='word_1_240' title='bbox 1037 2545 1231 2604; x_wconf 84' lang='lat' dir='ltr'>datum,</span> <span class='ocrx_word' id='word_1_241' title='bbox 1297 2544 1501 2605; x_wconf 75' lang='lat' dir='ltr'>nostros,</span> 
     </span>
     <span class='ocr_line' id='line_1_36' title="bbox 99 2612 1501 2687; baseline -0.001 -27"><span class='ocrx_word' id='word_1_242' title='bbox 99 2616 235 2679; x_wconf 82' lang='lat' dir='ltr'>quod</span> <span class='ocrx_word' id='word_1_243' title='bbox 276 2618 516 2682; x_wconf 77' lang='lat' dir='ltr'>margines</span> <span class='ocrx_word' id='word_1_244' title='bbox 560 2617 657 2666; x_wconf 85' lang='lat' dir='ltr'>iarn</span> <span class='ocrx_word' id='word_1_245' title='bbox 710 2629 954 2677; x_wconf 81' lang='lat' dir='ltr'>tenerent,</span> <span class='ocrx_word' id='word_1_246' title='bbox 1008 2628 1062 2661; x_wconf 90' lang='lat' dir='ltr'>ut</span> <span class='ocrx_word' id='word_1_247' title='bbox 1099 2612 1379 2687; x_wconf 47' lang='lat' dir='ltr'>mandaffium</span> <span class='ocrx_word' id='word_1_248' title='bbox 1420 2614 1501 2672; x_wconf 50' lang='grc' dir='ltr'>είὶἲ</span> 
     </span>
    </p>
   </div>
   <div class='ocr_carea' id='block_1_3' title="bbox 464 2728 689 2739">
    <p class='ocr_par' dir='ltr' id='par_1_5' title="bbox 464 2728 689 2739">
     <span class='ocr_line' id='line_1_37' title="bbox 464 2728 689 2739; baseline 0 405"><span class='ocrx_word' id='word_1_249' title='bbox 464 2728 689 2739; x_wconf 95' lang='lat' dir='ltr'> </span> 
     </span>
    </p>
   </div>
   <div class='ocr_carea' id='block_1_4' title="bbox 149 2775 1280 2829">
    <p class='ocr_par' dir='ltr' id='par_1_6' title="bbox 149 2775 1280 2829">
     <span class='ocr_line' id='line_1_38' title="bbox 149 2775 1280 2829; baseline -0.007 -14"><span class='ocrx_word' id='word_1_250' title='bbox 149 2787 179 2822; x_wconf 70' lang='grc' dir='ltr'>ι)</span> <span class='ocrx_word' id='word_1_251' title='bbox 210 2780 275 2816; x_wconf 80' lang='lat' dir='ltr'>Ms.</span> <span class='ocrx_word' id='word_1_252' title='bbox 305 2782 471 2829; x_wconf 55' lang='lat' dir='ltr'>depulsis.</span> <span class='ocrx_word' id='word_1_253' title='bbox 527 2783 569 2829; x_wconf 67' lang='grc' dir='ltr'>τι)</span> <span class='ocrx_word' id='word_1_254' title='bbox 598 2780 665 2817; x_wconf 80' lang='lat' dir='ltr'>Ms.</span> <span class='ocrx_word' id='word_1_255' title='bbox 693 2776 907 2827; x_wconf 68' lang='lat' dir='ltr'>affligi-effus.</span> <span class='ocrx_word' id='word_1_256' title='bbox 965 2779 1003 2821; x_wconf 65' lang='lat'>5)</span> <span class='ocrx_word' id='word_1_257' title='bbox 1027 2775 1094 2812; x_wconf 66' lang='grc' dir='ltr'>ΜΓ.</span> <span class='ocrx_word' id='word_1_258' title='bbox 1125 2776 1280 2813; x_wconf 69' lang='lat' dir='ltr'>Cothon.</span> 
     </span>
    </p>
   </div>
  </div>
 </body>
</html>
