1727 3144
483 164 944 198 CONSTANTlth.
1018 154 1133 200 554.
1446 162 1504 219 47

96 275 399 326 somniorum
428 274 700 341 adpellatus
725 275 933 337 ComeS,
959 276 1128 343 quod,
1155 291 1209 324 ut
1231 278 1507 336 clamssmor-

97 344 338 401 daxcanis
351 381 368 403 ,
403 344 597 393 interno
620 345 740 393 vitio
759 343 1039 406 subruimus,
1078 346 1261 410 agitans
1279 348 1502 412 caudam,

94 415 253 479 epulis
272 413 596 479 coetibusque
624 413 670 462 se
697 414 881 462 crebris
908 413 1147 475 inserens,
1189 414 1223 461 fi
1255 434 1343 480 per
1372 419 1506 480 qnie-

96 497 194 531 tem
224 484 511 548 quisquam,
551 483 640 530 ubi
669 482 818 531 fufius
854 491 1023 543 natura
1062 499 1286 548 vagatur,
1323 485 1503 534 *vidisse

96 550 285 617 aliquid
319 551 477 599 amico
507 551 760 615 narrass'et,
797 550 854 599 id
882 554 1130 601 venenatis
1161 554 1346 601 artibus
1372 556 1506 602 colo-

94 635 254 668 ratum
279 621 330 667 in
364 622 527 684 peius,
565 621 745 685 patulis
770 620 1079 686 imperatoris
1115 621 1313 669 auribus
1346 624 1506 670 infun-

97 689 270 737 debat:
312 703 359 736 et
388 691 452 736 ob
484 689 584 737 hoc
614 689 768 738 homo
798 703 1045 757 tamquam
1090 691 1376 755 inexpiabili
1420 694 1506 739 ob-

55 761 59 766 ’
94 759 268 806 noxius
317 758 518 822 eulpae,
574 759 708 822 gra'vi
762 759 893 807 mole
938 759 1156 807 criminis
1205 759 1501 824 pulsabatur.

93 826 233 875 Haec
262 840 467 891 augente
497 827 736 891 vulgatius
768 828 922 890 fama,
964 841 1154 875 tantum
1197 829 1390 890 aberat,
1449 834 1543 878 utG

93 894 328 961 proderet
357 895 617 960 quisquam
652 894 749 943 visa
780 911 1044 958 nocturna,
1093 916 1206 944 cum
1246 916 1386 963 aegre
1415 899 1505 946 ho.

94 964 249 1012 mines
280 963 506 1012 dormiffe
536 963 635 1012 sese
673 965 1006 1030 praesentibus
1045 966 1313 1014 faterentur
1354 982 1506 1015 exter.

94 1033 197 1080 nis:
275 1034 655 1099 maerebantque
707 1033 842 1082 docti
898 1035 1124 1100 quidam,
1194 1037 1332 1102 quod
1374 1038 1506 1102 apud.

104 1102 360 1151 Atlanteos
394 1103 495 1149 nati
520 1120 617 1150 non
647 1103 824 1162 effem,
854 1105 947 1151 ubi
970 1119 1305 1152 memorantur
1317 1105 1505 1153 somnia

94 1189 195 1233 nop
213 1171 396 1219 videri:
428 1171 564 1237 quod
584 1174 715 1222 uude
738 1174 952 1236 eveniat,
993 1192 1156 1221 rerum
1183 1174 1502 1221 scientissimis

96 1239 465 1305 :elinquamus4
555 1238 557 1244 ⁴

190 1309 326 1356 Inter
351 1309 437 1355 has
471 1307 806 1370 quaest-ionum
838 1307 1288 1373 suppliciorumque
1319 1308 1538 1374 species7

97 1377 250 1437 diras,
283 1377 334 1423 in
356 1377 556 1439 Illyrico
579 1377 795 1422 exoritur
820 1378 909 1423 alia
933 1377 1120 1437 clades,
1153 1378 1214 1424 ad
1236 1379 1503 1427 multorum

94 1446 314 1510 pericula
343 1463 402 1493 ex
438 1444 702 1493 verborum
742 1446 972 1492 inanitate
1009 1446 1268 1511 progreffa.
1357 1451 1399 1513 ⁴)
1442 1449 1502 1494 In

95 1514 325 1563 convivio
377 1513 599 1561 Africani
654 1512 934 1560 Pannoniae
986 1513 1226 1562 secundae
1277 1518 1498 1577 rectoris,

97 1582 230 1648 apud
258 1582 493 1638 Sirmium
522 1580 712 1643 poculis
742 1581 1062 1645 amplioribus
1098 1582 1358 1630 madefacti
1397 1587 1502 1648 qui-

99 1652 239 1712 dam,
271 1651 504 1698 arbitrum
528 1647 683 1695 adess'e
706 1649 892 1694 nullum
920 1649 1265 1711 existimantes,
1297 1652 1503 1700 licenter

95 1721 357 1784 imperium
388 1718 611 1782 praesens
642 1731 697 1764 ut
730 1717 1106 1765 molestiffimum
1135 1719 1444 1768 incusabant:
1478 1741 1503 1770 e

97 1790 276 1855 quibus
307 1787 632 1854 aliioptatam
664 1786 1075 1849 permutationem
1109 1803 1389 1854 temporum
1422 1790 1504 1837 ad-

94 1873 316 1917 ventare,
357 1857 509 1903 veluti
540 1872 564 1902 e
592 1855 850 1920 praesagiis
881 1855 1229 1904 adfirmabant:
1279 1860 1504 1906 nonnulli

96 1928 338 1974 maiorum
368 1926 568 1989 auguria
605 1923 695 1970 [ibi
725 1924 953 1988 portendi
977 1925 1281 1989 incogitabili
1307 1927 1503 1975 demen-

96 1996 164 2043 tia
185 1995 552 2059 promittebant.
627 1993 666 2039 E
695 2011 905 2057 quorum
938 2012 1143 2042 numero
1180 1995 1539 2058 Gaudentius,ss

99 2082 242 2130 agens
275 2065 325 2110 in
361 2064 533 2124 rebus,
577 2076 737 2109 mente
764 2063 1019 2127 praecipiti
1051 2063 1280 2125 stolidus,
1315 2083 1416 2113 rem
1448 2080 1503 2112 ut

98 2134 270 2182 leriam
311 2132 549 2180 detulerat
590 2130 653 2177 ad
689 2131 948 2193 Rufinum,
1005 2131 1323 2197 adparitionis
1368 2151 1502 2197 prae-

101 2204 310 2249 fecturae
342 2201 674 2265 praetorianae
710 2213 825 2246 tnnc
867 2201 1170 2264 principem,
1214 2203 1503 2248 ultimorum

102 2272 287 2335 lemper
307 2269 504 2317 avidum
523 2268 798 2329 hominem,
844 2283 890 2316 et
912 2270 946 2335 ⁵)
968 2271 1142 2317 coalita
1173 2271 1407 2334 pravitate
1436 2271 1503 2316 fa-

80 2334 305 2387 ¹mosum.
388 2338 488 2402 Qui
523 2338 802 2397 confestim,
846 2338 980 2402 quali
1003 2337 1044 2404 ⁶)
1072 2339 1232 2404 pinnis
1258 2339 1408 2384 clatus
1439 2338 1540 2400 ad9

99 2409 387 2456 comitatum
418 2406 653 2470 principis
690 2407 959 2454 advolavit:
1006 2425 1214 2472 cunique
1257 2405 1317 2452 ad
1355 2405 1503 2471 suspi-

102 2478 266 2525 ciones
289 2475 573 2530 huiusmodi
596 2475 798 2522 mollem
818 2490 865 2522 et
886 2477 1262 2538 penetrabilem,
1295 2475 1359 2522 ita
1385 2477 1502 2523 acri-

93 2560 174 2593 ·ter
202 2546 544 2604 inflammavit,
591 2558 646 2591 ut
672 2543 770 2591 line
800 2544 1153 2592 deliberatione
1182 2543 1278 2589 ulla
1315 2544 1503 2590 Asi-ica-

105 2633 219 2675 nus,
260 2629 307 2662 et
335 2631 503 2661 omncs
533 2612 689 2659 letalis
720 2614 910 2660 mensae
937 2613 1196 2677 participes
1220 2613 1501 2661 iuberentur

149 2778 185 2819 A)
212 2778 262 2809 «el.
291 2777 327 2810 in
354 2777 549 2824 preminent.
600 2780 641 2823 5)
671 2776 802 2812 collita.
858 2779 900 2824 6)
928 2776 978 2811 al.
1007 2776 1072 2823 piu
1155 2776 1279 2812 alatus.
