1727 3144
229 182 480 221 vix-Lanam
519 181 651 225 van.
693 183 765 213 ET
802 182 1086 214 GRAT1AN.
1157 173 1272 233 574.
1390 170 1486 220 545

79 310 190 341 eum
212 291 510 356 pertinerent
530 306 577 340 et
598 305 873 339 exoratum:
911 293 1123 358 primum
1156 294 1324 344 durata
1354 300 1485 364 prui-

79 361 154 409 nis
175 360 371 421 itinera,
404 361 491 408 ubi
512 379 602 410 nec
623 359 816 408 adultae
845 362 895 408 in
928 362 1113 426 pastum
1139 363 1319 413 herbae
1351 386 1483 432 repe.

76 429 316 487 rirentur,
357 448 446 478 nec
479 444 665 483 caetera
699 429 805 476 usui
832 447 1071 495 congrua,
1116 436 1358 497 penetrari
1382 454 1482 485 non

76 498 210 564 poffe
231 501 505 547 firmantes:
551 499 665 547 dein
697 499 970 547 vicinorum
999 501 1170 549 Galliis
1198 521 1364 566 regum
1396 505 1483 551 im-

75 567 379 630 manitatem,
416 569 719 634 maximeque
741 568 959 615 omnium
982 569 1220 618 Macriani
1240 586 1294 618 ut
1318 573 1485 620 formi-

80 635 181 684 dati
210 651 324 684 tunc
360 637 754 702 praetendenteS‚
811 654 957 700 quem
993 638 1243 686 constabat
1277 641 1485 704 impaca-

74 719 180 753 tum
221 707 469 766 relictum,
519 706 665 753 etiam
694 704 795 768 ipsa
822 704 1021 752 urbium
1054 709 1248 755 moenia
1280 723 1485 757 tentatu-

16 812 23 817 ,
75 792 200 822 rum.
289 774 425 822 Haec
465 786 790 820 memorantes
825 771 1158 838 addentesque
1196 777 1360 840 utilia,
1414 790 1531 843 re-4

75 841 255 890 duxere
306 859 418 888 eum
455 843 507 887 in
555 840 811 894 meliorem
848 838 1161 899 sententiam:
1212 846 1484 911 statimque,

73 925 129 958 ut
157 908 468 971 conducebat
498 909 567 957 rei
593 909 872 969 communi,
918 928 1074 974 prope
1114 912 1485 978 Mogontiacum

73 978 298 1028 blandius
318 997 399 1026 rex
421 977 692 1026 antedictus
715 978 925 1035 accitur,
968 981 1198 1042 proclivis
1230 983 1332 1048 ipse
1365 1002 1485 1048 quo-

76 1065 172 1115 que
191 1047 254 1095 ad
274 1047 619 1112 excipiendum
635 1046 828 1107 foedus,
859 1060 913 1093 ut
934 1047 1212 1112 adparebat.
1283 1052 1345 1099 Et
1355 1054 1488 1101 venit

74 1118 288 1165 immane
316 1135 416 1182 quo
448 1129 729 1182 quantoque
757 1117 876 1163 flatu
911 1115 1170 1178 distentus,
1211 1133 1264 1166 ut
1292 1121 1484 1169 futurus

75 1187 257 1234 arbiter
284 1185 505 1250 superior
535 1185 696 1250 pacis:
751 1184 929 1250 dieque
960 1181 1225 1249 praedicto*
1249 1190 1486 1255 colloquii

76 1253 139 1303 ad
161 1252 312 1319 ipsam
336 1256 600 1319 marginem
622 1254 782 1302 Rheni
802 1268 948 1318 caput
971 1256 1109 1302 altius
1134 1257 1321 1323 erigens
1342 1259 1483 1321 stetit,

76 1323 195 1372 hinc
242 1324 357 1371 inde
412 1323 582 1371 sonitu·
621 1321 869 1371 scutorum
916 1324 1167 1373 intonante
1209 1328 1478 1392 gentilium.

77 1393 260 1441 Contra
279 1392 523 1456 Augustus
554 1391 790 1440 adscenfis
826 1393 1026 1439 amnicis
1054 1394 1255 1455 lembis,
1290 1395 1482 1462 saeptus
1500 1402 1529 1446 5

74 1461 177 1526 ipse
207 1480 405 1527 quoque
436 1461 749 1510 multitudine
779 1461 1083 1509 castrensium
1114 1463 1368 1524 ordinum,
1414 1480 1486 1514 tu·

77 1531 175 1578 tius
208 1548 362 1595 prope
399 1531 527 1595 ripas
554 1531 766 1592 accessit,
802 1530 1046 1593 [ignorum
1085 1531 1376 1596 fulgentium
1416 1536 1486 1582 ui-

77 1614 185 1648 tore
206 1598 522 1662 conspicuus:
569 1614 616 1647 et
642 1599 941 1647 immodestis
962 1599 1187 1664 ‘gestibus
1219 1621 1486 1652 murmure-

78 1686 175 1734 que
205 1669 461 1716 barbarico
495 1668 693 1717 tandem
720 1669 914 1725 sedato,
959 1667 1064 1733 post
1093 1669 1222 1717 dicta
1253 1685 1300 1719 et
1323 1672 1484 1720 audita

76 1738 208 1785 ultro
246 1739 469 1802 citroque
509 1737 695 1800 versus,
749 1738 958 1785 amicitia
998 1737 1158 1786 media
1199 1739 1485 1789 sacramenti

77 1806 178 1855 fide
198 1808 434 1854 firmatur.
516 1807 704 1873 Hisque
740 1807 963 1871 perfectis
993 1806 1199 1855 disceffit
1235 1811 1482 1857 turbarum
1504 1820 1533 1872 6

79 1893 160 1923 rex
180 1876 351 1923 artifex
370 1876 633 1937 delenitus,
668 1877 858 1923 futurus
879 1876 1022 1923 nobis
1048 1875 1277 1940 deinceps
1297 1877 1454 1925 socius
1472 1896 1482 1926 ε

79 1958 127 1992 et
163 1943 301 1992 dedit
336 1945 496 2008 postea
539 1944 757 2009 adusque
793 1946 918 1993 vitae
964 1959 1155 2007 tempus
1203 1959 1486 2009 extremum,

78 2013 339 2061 constantis
391 2014 440 2059 in
476 2013 794 2061 concordiam
832 2013 982 2060 animi
1029 2012 1302 2061 facinorum
1337 2015 1486 2062 docu-

16 2138 20 2139 7
78 2096 299 2130 mentum
353 2082 690 2146 pulchrorum.
774 2081 928 2129 Periit
977 2095 1136 2128 autem
1185 2083 1237 2129 in
1284 2083 1486 2133 Francia
1505 2093 1533 2137 7

79 2150 268 2216 postea:
307 2169 454 2215 quam
483 2151 600 2198 dnm
627 2151 922 2199 internecive
957 2149 1182 2209 vallando
1216 2154 1488 2216 perrumpit

81 2219 296 2278 avidius,
331 2219 540 2283 oppetiit
558 2219 886 2267 Mellobandis
906 2219 1121 2267 bellicoli
1142 2220 1264 2282 regis
1300 2220 1483 2269 insidiis

81 2288 454 2335 circumventus.
556 2286 668 2335 Post
703 2283 877 2337 foedus
920 2303 1080 2335 tamen
1119 2285 1341 2334 sollemni
1388 2290 1484 2338 ritu

82 2357 367 2421 impletum,
432 2356 672 2405 Treveros
734 2357 1102 2407 Valentinianus
1158 2355 1220 2403 ad
1279 2357 1484 2406 hiberna

87 2425 312 2473 disceffit.

183 2495 272 2542 IV.
327 2492 461 2540 Haec
500 2510 586 2557 per
626 2493 808 2541 Gallias
845 2508 891 2542 et
930 2494 1051 2540 latus
1093 2492 1357 2557 agebantur
1395 2492 1487 2540 Ar·
1511 2509 1525 2535 ι

84 2577 268 2611 ctoum.
342 2563 408 2608 At
430 2562 478 2607 in
501 2562 616 2608 Eois
640 2565 857 2626 partibus
888 2563 982 2610 alto
1015 2575 1322 2609 externorum
1352 2560 1487 2609 [ilen-

87 2632 156 2679 tio
176 2631 396 2678 intestina
422 2631 658 2695 pernicies
681 2634 943 2696 augebatur
966 2648 1051 2695 per
1075 2629 1292 2678 Valentis
1306 2630 1486 2678 amicos

89 2714 137 2748 et
159 2701 429 2764 proximos,
467 2699 595 2764 apud
617 2717 738 2764 qnos
758 2700 1004 2748 honestate
1032 2700 1211 2747 utilitas
1243 2712 1343 2745 crat
1372 2699 1490 2745 anti-

88 2770 248 2835 quior.
334 2768 613 2817 Navabatur
647 2770 775 2817 enim
806 2787 953 2832 opera
983 2769 1209 2832 diligens,
1255 2781 1307 2814 ut
1335 2767 1487 2814 homo
