<?xml version="1.0" encoding="UTF-8"?>
<!DOCTYPE html PUBLIC "-//W3C//DTD XHTML 1.0 Transitional//EN"
    "http://www.w3.org/TR/xhtml1/DTD/xhtml1-transitional.dtd">
<html xmlns="http://www.w3.org/1999/xhtml" xml:lang="en" lang="en">
 <head>
  <title>
</title>
<meta http-equiv="Content-Type" content="text/html;charset=utf-8" />
  <meta name='ocr-system' content='tesseract 3.04.00' />
  <meta name='ocr-capabilities' content='ocr_page ocr_carea ocr_par ocr_line ocrx_word'/>
</head>
<body>
  <div class='ocr_page' id='page_1' title='image "ammianimarcellin01ammiuoft_0712.png"; bbox 0 0 1727 3144; ppageno 0'>
   <div class='ocr_carea' id='block_1_1' title="bbox 1249 134 1266 141">
    <p class='ocr_par' dir='ltr' id='par_1_1' title="bbox 1249 134 1266 141">
     <span class='ocr_line' id='line_1_1' title="bbox 1249 134 1266 141; baseline 0 0"><span class='ocrx_word' id='word_1_1' title='bbox 1249 134 1266 141; x_wconf 51' lang='grc'><strong>,-</strong></span> 
     </span>
    </p>
   </div>
   <div class='ocr_carea' id='block_1_2' title="bbox 246 161 1500 220">
    <p class='ocr_par' dir='ltr' id='par_1_2' title="bbox 246 161 1500 220">
     <span class='ocr_line' id='line_1_2' title="bbox 246 161 1500 220; baseline 0.001 -15"><span class='ocrx_word' id='word_1_2' title='bbox 246 161 344 206; x_wconf 75' lang='grc'><strong>506</strong></span> <span class='ocrx_word' id='word_1_3' title='bbox 492 176 748 208; x_wconf 56' lang='lat' dir='ltr'><strong>,ammam</strong></span> <span class='ocrx_word' id='word_1_4' title='bbox 779 175 1166 208; x_wconf 68' lang='lat' dir='ltr'><strong>MAncELme</strong></span> <span class='ocrx_word' id='word_1_5' title='bbox 1205 176 1354 220; x_wconf 72' lang='lat' dir='ltr'><strong>xxxx,</strong></span> <span class='ocrx_word' id='word_1_6' title='bbox 1409 176 1450 206; x_wconf 87' lang='lat'><strong>1.</strong></span> <span class='ocrx_word' id='word_1_7' title='bbox 1494 195 1500 206; x_wconf 74' lang='grc'><strong><em>,</em></strong></span> 
     </span>
    </p>
   </div>
   <div class='ocr_carea' id='block_1_3' title="bbox 159 284 1713 2694">
    <p class='ocr_par' dir='ltr' id='par_1_3' title="bbox 242 284 1654 558">
     <span class='ocr_line' id='line_1_3' title="bbox 243 284 1654 350; baseline 0.001 -20"><span class='ocrx_word' id='word_1_8' title='bbox 243 284 677 348; x_wconf 68' lang='lat' dir='ltr'><strong>perEucaerium,</strong></span> <span class='ocrx_word' id='word_1_9' title='bbox 730 303 789 333; x_wconf 89' lang='lat' dir='ltr'><strong>ne</strong></span> <span class='ocrx_word' id='word_1_10' title='bbox 825 285 884 332; x_wconf 81' lang='lat' dir='ltr'><strong>acl</strong></span> <span class='ocrx_word' id='word_1_11' title='bbox 933 286 1284 350; x_wconf 79' lang='lat' dir='ltr'>Imperatorem</span> <span class='ocrx_word' id='word_1_12' title='bbox 1323 287 1549 344; x_wconf 80' lang='lat' dir='ltr'><strong>referret,</strong></span> <span class='ocrx_word' id='word_1_13' title='bbox 1598 297 1654 331; x_wconf 81' lang='lat' dir='ltr'><strong>ut</strong></span> 
     </span>
     <span class='ocr_line' id='line_1_4' title="bbox 244 352 1652 417; baseline 0 -18"><span class='ocrx_word' id='word_1_14' title='bbox 244 367 446 416; x_wconf 19' lang='lat' dir='ltr'><strong>conflatus</strong></span> <span class='ocrx_word' id='word_1_15' title='bbox 467 354 531 402; x_wconf 85' lang='lat' dir='ltr'><strong>est</strong></span> <span class='ocrx_word' id='word_1_16' title='bbox 551 355 837 417; x_wconf 75' lang='lat' dir='ltr'><strong>aliquoties,</strong></span> <span class='ocrx_word' id='word_1_17' title='bbox 863 355 924 401; x_wconf 87' lang='lat' dir='ltr'><strong>ab</strong></span> <span class='ocrx_word' id='word_1_18' title='bbox 948 372 1006 402; x_wconf 89' lang='lat' dir='ltr'><strong>eo</strong></span> <span class='ocrx_word' id='word_1_19' title='bbox 1036 354 1337 417; x_wconf 85' lang='lat' dir='ltr'><strong>prohibitum</strong></span> <span class='ocrx_word' id='word_1_20' title='bbox 1355 392 1367 416; x_wconf 95' lang='lat'><strong>,</strong></span> <span class='ocrx_word' id='word_1_21' title='bbox 1401 352 1652 401; x_wconf 86' lang='lat' dir='ltr'><strong>adserente</strong></span> 
     </span>
     <span class='ocr_line' id='line_1_5' title="bbox 242 422 1654 488; baseline 0.001 -19"><span class='ocrx_word' id='word_1_22' title='bbox 242 422 590 488; x_wconf 80' lang='lat' dir='ltr'><strong>non-adpetitu</strong></span> <span class='ocrx_word' id='word_1_23' title='bbox 617 425 751 485; x_wconf 82' lang='lat' dir='ltr'><strong>regni</strong></span> <span class='ocrx_word' id='word_1_24' title='bbox 788 422 1061 487; x_wconf 87' lang='lat' dir='ltr'><strong>occupandi</strong></span> <span class='ocrx_word' id='word_1_25' title='bbox 1102 424 1303 485; x_wconf 89' lang='lat' dir='ltr'><strong>illicito,</strong></span> <span class='ocrx_word' id='word_1_26' title='bbox 1351 423 1436 471; x_wconf 86' lang='lat' dir='ltr'><strong>sed</strong></span> <span class='ocrx_word' id='word_1_27' title='bbox 1465 423 1654 470; x_wconf 83' lang='lat' dir='ltr'><strong>ratione</strong></span> 
     </span>
     <span class='ocr_line' id='line_1_6' title="bbox 244 491 1650 558; baseline -0.001 -20"><span class='ocrx_word' id='word_1_28' title='bbox 244 491 456 556; x_wconf 84' lang='lat' dir='ltr'><strong>quadam</strong></span> <span class='ocrx_word' id='word_1_29' title='bbox 511 491 872 540; x_wconf 87' lang='lat' dir='ltr'><strong>indeclinabilis</strong></span> <span class='ocrx_word' id='word_1_30' title='bbox 916 494 1028 554; x_wconf 81' lang='lat' dir='ltr'><strong>fati,</strong></span> <span class='ocrx_word' id='word_1_31' title='bbox 1079 492 1133 540; x_wconf 88' lang='lat' dir='ltr'><strong>id</strong></span> <span class='ocrx_word' id='word_1_32' title='bbox 1175 492 1312 558; x_wconf 88' lang='lat' dir='ltr'><strong>quod</strong></span> <span class='ocrx_word' id='word_1_33' title='bbox 1351 492 1650 557; x_wconf 77' lang='lat' dir='ltr'><strong>sperabatur,</strong></span> 
     </span>
    </p>

    <p class='ocr_par' dir='ltr' id='par_1_4' title="bbox 176 559 1654 969">
     <span class='ocr_line' id='line_1_7' title="bbox 176 559 1653 611; baseline -0.001 -3"><span class='ocrx_word' id='word_1_34' title='bbox 176 563 233 608; x_wconf 78' lang='lat'><strong>55</strong></span> <span class='ocrx_word' id='word_1_35' title='bbox 243 566 371 608; x_wconf 81' lang='lat' dir='ltr'><strong>ultro</strong></span> <span class='ocrx_word' id='word_1_36' title='bbox 397 575 670 609; x_wconf 81' lang='lat' dir='ltr'><strong>venturum.</strong></span> <span class='ocrx_word' id='word_1_37' title='bbox 742 560 937 610; x_wconf 86' lang='lat' dir='ltr'><strong>Deinde</strong></span> <span class='ocrx_word' id='word_1_38' title='bbox 955 562 1076 610; x_wconf 85' lang='lat' dir='ltr'><strong>haec</strong></span> <span class='ocrx_word' id='word_1_39' title='bbox 1098 561 1270 611; x_wconf 88' lang='lat' dir='ltr'><strong>eadem</strong></span> <span class='ocrx_word' id='word_1_40' title='bbox 1298 560 1537 609; x_wconf 87' lang='lat' dir='ltr'><strong>Eucaerio</strong></span> <span class='ocrx_word' id='word_1_41' title='bbox 1561 559 1653 606; x_wconf 83' lang='lat' dir='ltr'><strong>sub</strong></span> 
     </span>
     <span class='ocr_line' id='line_1_8' title="bbox 241 628 1652 695; baseline -0.001 -19"><span class='ocrx_word' id='word_1_42' title='bbox 241 644 440 678; x_wconf 85' lang='lat' dir='ltr'><strong>cruenta</strong></span> <span class='ocrx_word' id='word_1_43' title='bbox 462 631 741 695; x_wconf 85' lang='lat' dir='ltr'><strong>quaestione</strong></span> <span class='ocrx_word' id='word_1_44' title='bbox 775 631 1019 694; x_wconf 67' lang='lat' dir='ltr'><strong>confesso,</strong></span> <span class='ocrx_word' id='word_1_45' title='bbox 1063 632 1383 679; x_wconf 83' lang='lat' dir='ltr'>confutabant</span> <span class='ocrx_word' id='word_1_46' title='bbox 1413 628 1652 678; x_wconf 85' lang='lat' dir='ltr'><strong>Theodo-</strong></span> 
     </span>
     <span class='ocr_line' id='line_1_9' title="bbox 239 698 1654 766; baseline -0.001 -20"><span class='ocrx_word' id='word_1_47' title='bbox 239 718 348 746; x_wconf 86' lang='lat' dir='ltr'><strong>rum</strong></span> <span class='ocrx_word' id='word_1_48' title='bbox 380 699 564 747; x_wconf 79' lang='lat' dir='ltr'><strong>litterae</strong></span> <span class='ocrx_word' id='word_1_49' title='bbox 595 699 731 762; x_wconf 86' lang='lat' dir='ltr'><strong>suae,</strong></span> <span class='ocrx_word' id='word_1_50' title='bbox 773 718 857 764; x_wconf 88' lang='lat' dir='ltr'><strong>per</strong></span> <span class='ocrx_word' id='word_1_51' title='bbox 887 702 1113 765; x_wconf 82' lang='lat' dir='ltr'><strong>ambages</strong></span> <span class='ocrx_word' id='word_1_52' title='bbox 1155 700 1380 766; x_wconf 85' lang='lat' dir='ltr'><strong>obliquas</strong></span> <span class='ocrx_word' id='word_1_53' title='bbox 1418 698 1480 747; x_wconf 85' lang='lat' dir='ltr'><strong>ad</strong></span> <span class='ocrx_word' id='word_1_54' title='bbox 1520 698 1654 746; x_wconf 81' lang='lat' dir='ltr'><strong>Hila-</strong></span> 
     </span>
     <span class='ocr_line' id='line_1_10' title="bbox 237 767 1651 835; baseline 0.001 -22"><span class='ocrx_word' id='word_1_55' title='bbox 237 768 367 815; x_wconf 83' lang='lat' dir='ltr'><strong>rium</strong></span> <span class='ocrx_word' id='word_1_56' title='bbox 395 767 624 834; x_wconf 80' lang='lat' dir='ltr'><strong>scriptae:</strong></span> <span class='ocrx_word' id='word_1_57' title='bbox 674 770 851 834; x_wconf 88' lang='lat' dir='ltr'><strong>quibus</strong></span> <span class='ocrx_word' id='word_1_58' title='bbox 889 770 971 835; x_wconf 83' lang='lat' dir='ltr'><strong>spe</strong></span> <span class='ocrx_word' id='word_1_59' title='bbox 1011 771 1108 816; x_wconf 83' lang='lat' dir='ltr'><strong>iam</strong></span> <span class='ocrx_word' id='word_1_60' title='bbox 1141 772 1281 817; x_wconf 83' lang='lat' dir='ltr'><strong>firma</strong></span> <span class='ocrx_word' id='word_1_61' title='bbox 1320 783 1559 832; x_wconf 87' lang='lat' dir='ltr'><strong>concepta</strong></span> <span class='ocrx_word' id='word_1_62' title='bbox 1593 784 1651 814; x_wconf 84' lang='lat' dir='ltr'><strong>ex</strong></span> 
     </span>
     <span class='ocr_line' id='line_1_11' title="bbox 239 837 1650 902; baseline 0 -19"><span class='ocrx_word' id='word_1_63' title='bbox 239 837 455 898; x_wconf 87' lang='lat' dir='ltr'><strong>vatibus,</strong></span> <span class='ocrx_word' id='word_1_64' title='bbox 489 837 547 886; x_wconf 90' lang='lat' dir='ltr'><strong>de</strong></span> <span class='ocrx_word' id='word_1_65' title='bbox 569 857 619 885; x_wconf 92' lang='lat' dir='ltr'><strong>re</strong></span> <span class='ocrx_word' id='word_1_66' title='bbox 642 856 739 885; x_wconf 89' lang='lat' dir='ltr'><strong>non</strong></span> <span class='ocrx_word' id='word_1_67' title='bbox 760 840 1080 892; x_wconf 76' lang='lat' dir='ltr'><strong>cunctabatur</strong></span> <span class='ocrx_word' id='word_1_68' title='bbox 1098 875 1111 900; x_wconf 95' lang='lat'><strong>,</strong></span> <span class='ocrx_word' id='word_1_69' title='bbox 1137 837 1223 886; x_wconf 87' lang='lat' dir='ltr'><strong>sed</strong></span> <span class='ocrx_word' id='word_1_70' title='bbox 1245 853 1437 902; x_wconf 87' lang='lat' dir='ltr'><strong>tempus</strong></span> <span class='ocrx_word' id='word_1_71' title='bbox 1463 851 1650 902; x_wconf 85' lang='lat' dir='ltr'><strong>patran-</strong></span> 
     </span>
     <span class='ocr_line' id='line_1_12' title="bbox 239 905 944 969; baseline 0.003 -18"><span class='ocrx_word' id='word_1_72' title='bbox 239 905 329 952; x_wconf 87' lang='lat' dir='ltr'><strong>dae</strong></span> <span class='ocrx_word' id='word_1_73' title='bbox 348 906 593 969; x_wconf 81' lang='lat' dir='ltr'><strong>cupidinis</strong></span> <span class='ocrx_word' id='word_1_74' title='bbox 628 908 944 969; x_wconf 76' lang='lat' dir='ltr'><strong>quaeritabat.</strong></span> 
     </span>
    </p>

    <p class='ocr_par' dir='ltr' id='par_1_5' title="bbox 170 973 1713 1106">
     <span class='ocr_line' id='line_1_13' title="bbox 170 973 1651 1038; baseline 0.002 -20"><span class='ocrx_word' id='word_1_75' title='bbox 170 982 228 1026; x_wconf 80' lang='grc'><strong>56</strong></span> <span class='ocrx_word' id='word_1_76' title='bbox 324 975 536 1037; x_wconf 64' lang='lat' dir='ltr'><strong>&gt;Quibus</strong></span> <span class='ocrx_word' id='word_1_77' title='bbox 573 975 677 1038; x_wconf 74' lang='lat' dir='ltr'><strong>post</strong></span> <span class='ocrx_word' id='word_1_78' title='bbox 707 975 827 1020; x_wconf 86' lang='lat' dir='ltr'><strong>haec</strong></span> <span class='ocrx_word' id='word_1_79' title='bbox 855 974 1050 1037; x_wconf 77' lang='lat' dir='ltr'><strong>cognita</strong></span> <span class='ocrx_word' id='word_1_80' title='bbox 1088 973 1417 1038; x_wconf 77' lang='lat' dir='ltr'><strong>sequestratis,</strong></span> <span class='ocrx_word' id='word_1_81' title='bbox 1476 973 1651 1021; x_wconf 88' lang='lat' dir='ltr'><strong>Eutro-</strong></span> 
     </span>
     <span class='ocr_line' id='line_1_14' title="bbox 236 1041 1713 1106; baseline 0.003 -19"><span class='ocrx_word' id='word_1_82' title='bbox 236 1043 345 1106; x_wconf 85' lang='lat' dir='ltr'><strong>pius</strong></span> <span class='ocrx_word' id='word_1_83' title='bbox 368 1041 530 1088; x_wconf 82' lang='lat' dir='ltr'><strong>Afiam</strong></span> <span class='ocrx_word' id='word_1_84' title='bbox 552 1042 885 1106; x_wconf 74' lang='lat' dir='ltr'><strong>proconsulari</strong></span> <span class='ocrx_word' id='word_1_85' title='bbox 906 1057 1021 1088; x_wconf 89' lang='lat' dir='ltr'><strong>tunc</strong></span> <span class='ocrx_word' id='word_1_86' title='bbox 1048 1042 1275 1089; x_wconf 85' lang='lat' dir='ltr'><strong>obtinens</strong></span> <span class='ocrx_word' id='word_1_87' title='bbox 1307 1043 1565 1106; x_wconf 80' lang='lat' dir='ltr'><strong>potestate,</strong></span> <span class='ocrx_word' id='word_1_88' title='bbox 1595 1056 1651 1091; x_wconf 86' lang='lat' dir='ltr'><strong>ut</strong></span> <span class='ocrx_word' id='word_1_89' title='bbox 1711 1070 1713 1073; x_wconf 94' lang='lat'>·</span> 
     </span>
    </p>

    <p class='ocr_par' dir='ltr' id='par_1_6' title="bbox 172 1110 1651 1382">
     <span class='ocr_line' id='line_1_15' title="bbox 172 1110 1649 1170; baseline 0.001 -12"><span class='ocrx_word' id='word_1_90' title='bbox 172 1129 177 1158; x_wconf 78' lang='lat'><em>3</em></span> <span class='ocrx_word' id='word_1_91' title='bbox 233 1111 461 1157; x_wconf 82' lang='lat' dir='ltr'><strong>factionis</strong></span> <span class='ocrx_word' id='word_1_92' title='bbox 479 1110 700 1157; x_wconf 86' lang='lat' dir='ltr'><strong>conscius</strong></span> <span class='ocrx_word' id='word_1_93' title='bbox 725 1111 966 1158; x_wconf 77' lang='lat' dir='ltr'><strong>arcessitus</strong></span> <span class='ocrx_word' id='word_1_94' title='bbox 995 1111 1045 1157; x_wconf 87' lang='lat' dir='ltr'><strong>in</strong></span> <span class='ocrx_word' id='word_1_95' title='bbox 1080 1111 1292 1170; x_wconf 83' lang='lat' dir='ltr'><strong>crimen,</strong></span> <span class='ocrx_word' id='word_1_96' title='bbox 1339 1112 1556 1159; x_wconf 84' lang='lat' dir='ltr'><strong>absceffit</strong></span> <span class='ocrx_word' id='word_1_97' title='bbox 1579 1120 1649 1158; x_wconf 86' lang='lat' dir='ltr'><strong>m-</strong></span> 
     </span>
     <span class='ocr_line' id='line_1_16' title="bbox 233 1179 1651 1246; baseline 0.001 -20"><span class='ocrx_word' id='word_1_98' title='bbox 233 1196 448 1240; x_wconf 80' lang='lat' dir='ltr'><strong>nocuuS,</strong></span> <span class='ocrx_word' id='word_1_99' title='bbox 489 1179 734 1244; x_wconf 65' lang='lat' dir='ltr'><strong>Pasiphilo·</strong></span> <span class='ocrx_word' id='word_1_100' title='bbox 771 1181 1008 1227; x_wconf 81' lang='lat' dir='ltr'><strong>eximente</strong></span> <span class='ocrx_word' id='word_1_101' title='bbox 1052 1179 1377 1244; x_wconf 88' lang='lat' dir='ltr'><strong>philosopho,</strong></span> <span class='ocrx_word' id='word_1_102' title='bbox 1435 1181 1544 1246; x_wconf 89' lang='lat' dir='ltr'><strong>qui,</strong></span> <span class='ocrx_word' id='word_1_103' title='bbox 1595 1194 1651 1227; x_wconf 88' lang='lat' dir='ltr'><strong>ut</strong></span> 
     </span>
     <span class='ocr_line' id='line_1_17' title="bbox 235 1249 1650 1314; baseline 0 -18"><span class='ocrx_word' id='word_1_104' title='bbox 235 1265 347 1296; x_wconf 85' lang='lat' dir='ltr'><strong>eum</strong></span> <span class='ocrx_word' id='word_1_105' title='bbox 388 1249 646 1297; x_wconf 88' lang='lat' dir='ltr'><strong>mendacio</strong></span> <span class='ocrx_word' id='word_1_106' title='bbox 685 1249 861 1296; x_wconf 76' lang='lat' dir='ltr'><strong>iniusto</strong></span> <span class='ocrx_word' id='word_1_107' title='bbox 895 1262 1220 1314; x_wconf 81' lang='lat' dir='ltr'><strong>perverteret,</strong></span> <span class='ocrx_word' id='word_1_108' title='bbox 1259 1249 1522 1298; x_wconf 83' lang='lat' dir='ltr'><strong>crudeliter</strong></span> <span class='ocrx_word' id='word_1_109' title='bbox 1551 1264 1650 1297; x_wconf 84' lang='lat' dir='ltr'><strong>tor-</strong></span> 
     </span>
     <span class='ocr_line' id='line_1_18' title="bbox 235 1316 1646 1382; baseline 0.001 -18"><span class='ocrx_word' id='word_1_110' title='bbox 235 1332 336 1379; x_wconf 88' lang='lat' dir='ltr'><strong>tus,</strong></span> <span class='ocrx_word' id='word_1_111' title='bbox 362 1316 433 1365; x_wconf 67' lang='lat' dir='ltr'><strong>⁴de</strong></span> <span class='ocrx_word' id='word_1_112' title='bbox 464 1318 586 1365; x_wconf 83' lang='lat' dir='ltr'><strong>statu</strong></span> <span class='ocrx_word' id='word_1_113' title='bbox 613 1319 836 1365; x_wconf 83' lang='lat' dir='ltr'><strong>robustae</strong></span> <span class='ocrx_word' id='word_1_114' title='bbox 868 1318 1043 1365; x_wconf 78' lang='lat' dir='ltr'><strong>mentis</strong></span> <span class='ocrx_word' id='word_1_115' title='bbox 1065 1336 1164 1364; x_wconf 89' lang='lat' dir='ltr'><strong>non</strong></span> <span class='ocrx_word' id='word_1_116' title='bbox 1193 1319 1355 1382; x_wconf 84' lang='lat' dir='ltr'><strong>potuit</strong></span> <span class='ocrx_word' id='word_1_117' title='bbox 1380 1318 1646 1366; x_wconf 80' lang='lat' dir='ltr'><strong>deturbari.</strong></span> 
     </span>
    </p>

    <p class='ocr_par' dir='ltr' id='par_1_7' title="bbox 165 1386 1648 1796">
     <span class='ocr_line' id='line_1_19' title="bbox 165 1386 1647 1452; baseline 0.001 -19"><span class='ocrx_word' id='word_1_118' title='bbox 165 1395 223 1452; x_wconf 78' lang='lat'><strong>57</strong></span> <span class='ocrx_word' id='word_1_119' title='bbox 235 1386 327 1434; x_wconf 85' lang='lat' dir='ltr'><strong>His</strong></span> <span class='ocrx_word' id='word_1_120' title='bbox 351 1387 541 1435; x_wconf 82' lang='lat' dir='ltr'><strong>accessit</strong></span> <span class='ocrx_word' id='word_1_121' title='bbox 564 1386 887 1451; x_wconf 83' lang='lat' dir='ltr'><strong>philosophus</strong></span> <span class='ocrx_word' id='word_1_122' title='bbox 913 1386 1217 1448; x_wconf 78' lang='lat' dir='ltr'><strong>Simonides,</strong></span> <span class='ocrx_word' id='word_1_123' title='bbox 1254 1388 1535 1452; x_wconf 73' lang='lat' dir='ltr'><strong>adulescens</strong></span> <span class='ocrx_word' id='word_1_124' title='bbox 1563 1389 1647 1436; x_wconf 89' lang='lat' dir='ltr'><strong>ille</strong></span> 
     </span>
     <span class='ocr_line' id='line_1_20' title="bbox 234 1456 1646 1521; baseline 0.001 -18"><span class='ocrx_word' id='word_1_125' title='bbox 234 1456 465 1521; x_wconf 86' lang='lat' dir='ltr'><strong>quidem,</strong></span> <span class='ocrx_word' id='word_1_126' title='bbox 502 1475 668 1504; x_wconf 86' lang='lat' dir='ltr'><strong>verum</strong></span> <span class='ocrx_word' id='word_1_127' title='bbox 689 1457 847 1504; x_wconf 81' lang='lat' dir='ltr'><strong>nostra</strong></span> <span class='ocrx_word' id='word_1_128' title='bbox 868 1456 1101 1503; x_wconf 86' lang='lat' dir='ltr'><strong>memoria</strong></span> <span class='ocrx_word' id='word_1_129' title='bbox 1132 1456 1462 1504; x_wconf 78' lang='lat' dir='ltr'><strong>severissinius.</strong></span> <span class='ocrx_word' id='word_1_130' title='bbox 1546 1458 1646 1514; x_wconf 83' lang='lat' dir='ltr'><strong>Qui</strong></span> 
     </span>
     <span class='ocr_line' id='line_1_21' title="bbox 233 1525 1648 1590; baseline 0.001 -18"><span class='ocrx_word' id='word_1_131' title='bbox 233 1543 347 1573; x_wconf 86' lang='lat' dir='ltr'><strong>cum</strong></span> <span class='ocrx_word' id='word_1_132' title='bbox 367 1525 547 1573; x_wconf 74' lang='lat' dir='ltr'><strong>audisse</strong></span> <span class='ocrx_word' id='word_1_133' title='bbox 566 1526 817 1589; x_wconf 79' lang='lat' dir='ltr'><strong>negotium</strong></span> <span class='ocrx_word' id='word_1_134' title='bbox 842 1544 927 1590; x_wconf 90' lang='lat' dir='ltr'><strong>per</strong></span> <span class='ocrx_word' id='word_1_135' title='bbox 959 1525 1229 1572; x_wconf 74' lang='lat' dir='ltr'><strong>Fidustium</strong></span> <span class='ocrx_word' id='word_1_136' title='bbox 1261 1525 1558 1586; x_wconf 86' lang='lat' dir='ltr'><strong>deferretur,</strong></span> <span class='ocrx_word' id='word_1_137' title='bbox 1600 1541 1648 1574; x_wconf 87' lang='lat' dir='ltr'><strong>et</strong></span> 
     </span>
     <span class='ocr_line' id='line_1_22' title="bbox 232 1593 1646 1659; baseline 0.001 -19"><span class='ocrx_word' id='word_1_138' title='bbox 232 1594 420 1641; x_wconf 85' lang='lat' dir='ltr'><strong>causam</strong></span> <span class='ocrx_word' id='word_1_139' title='bbox 448 1613 546 1642; x_wconf 89' lang='lat' dir='ltr'><strong>non</strong></span> <span class='ocrx_word' id='word_1_140' title='bbox 582 1613 637 1652; x_wconf 80' lang='lat' dir='ltr'><strong>ex</strong></span> <span class='ocrx_word' id='word_1_141' title='bbox 667 1595 895 1655; x_wconf 87' lang='lat' dir='ltr'><strong>veritate,</strong></span> <span class='ocrx_word' id='word_1_142' title='bbox 944 1593 1028 1642; x_wconf 89' lang='lat' dir='ltr'><strong>sed</strong></span> <span class='ocrx_word' id='word_1_143' title='bbox 1062 1612 1117 1641; x_wconf 81' lang='lat' dir='ltr'><strong>ex</strong></span> <span class='ocrx_word' id='word_1_144' title='bbox 1138 1597 1280 1642; x_wconf 87' lang='lat' dir='ltr'><strong>unius</strong></span> <span class='ocrx_word' id='word_1_145' title='bbox 1310 1609 1432 1641; x_wconf 82' lang='lat' dir='ltr'><strong>nutu</strong></span> <span class='ocrx_word' id='word_1_146' title='bbox 1456 1594 1646 1659; x_wconf 85' lang='lat' dir='ltr'><strong>pensari</strong></span> 
     </span>
     <span class='ocr_line' id='line_1_23' title="bbox 233 1662 1646 1728; baseline 0.001 -17"><span class='ocrx_word' id='word_1_147' title='bbox 233 1662 450 1725; x_wconf 81' lang='lat' dir='ltr'><strong>vidiss&#39;et,</strong></span> <span class='ocrx_word' id='word_1_148' title='bbox 497 1663 717 1711; x_wconf 72' lang='lat' dir='ltr'><strong>didicisse</strong></span> <span class='ocrx_word' id='word_1_149' title='bbox 750 1662 793 1711; x_wconf 85' lang='lat' dir='ltr'><strong>se</strong></span> <span class='ocrx_word' id='word_1_150' title='bbox 830 1663 952 1710; x_wconf 85' lang='lat' dir='ltr'><strong>dixit</strong></span> <span class='ocrx_word' id='word_1_151' title='bbox 991 1664 1265 1728; x_wconf 85' lang='lat' dir='ltr'><strong>praedicta,</strong></span> <span class='ocrx_word' id='word_1_152' title='bbox 1318 1678 1365 1712; x_wconf 88' lang='lat' dir='ltr'><strong>et</strong></span> <span class='ocrx_word' id='word_1_153' title='bbox 1396 1663 1646 1712; x_wconf 70' lang='lat' dir='ltr'><strong>commissa</strong></span> 
     </span>
     <span class='ocr_line' id='line_1_24' title="bbox 234 1733 1378 1796; baseline -0.002 -18"><span class='ocrx_word' id='word_1_154' title='bbox 234 1749 326 1796; x_wconf 80' lang='lat' dir='ltr'><strong>pro</strong></span> <span class='ocrx_word' id='word_1_155' title='bbox 349 1734 578 1780; x_wconf 84' lang='lat' dir='ltr'><strong>firmitate</strong></span> <span class='ocrx_word' id='word_1_156' title='bbox 602 1733 750 1780; x_wconf 87' lang='lat' dir='ltr'><strong>animi</strong></span> <span class='ocrx_word' id='word_1_157' title='bbox 771 1733 981 1781; x_wconf 77' lang='lat' dir='ltr'><strong>tacuisse.</strong></span> <span class='ocrx_word' id='word_1_158' title='bbox 1374 1772 1378 1776; x_wconf 82' lang='lat'>.</span> 
     </span>
    </p>

    <p class='ocr_par' dir='ltr' id='par_1_8' title="bbox 164 1800 1646 2414">
     <span class='ocr_line' id='line_1_25' title="bbox 164 1800 1646 1867; baseline 0 -19"><span class='ocrx_word' id='word_1_159' title='bbox 164 1810 221 1856; x_wconf 78' lang='grc'><strong>58</strong></span> <span class='ocrx_word' id='word_1_160' title='bbox 326 1802 478 1856; x_wconf 76' lang='lat' dir='ltr'><strong>Queis</strong></span> <span class='ocrx_word' id='word_1_161' title='bbox 501 1803 729 1850; x_wconf 86' lang='lat' dir='ltr'><strong>omnibus</strong></span> <span class='ocrx_word' id='word_1_162' title='bbox 749 1802 1091 1867; x_wconf 81' lang='lat' dir='ltr'><strong>perspicaciter</strong></span> <span class='ocrx_word' id='word_1_163' title='bbox 1124 1800 1390 1865; x_wconf 77' lang='lat' dir='ltr'><strong>inquisitis,</strong></span> <span class='ocrx_word' id='word_1_164' title='bbox 1428 1801 1646 1866; x_wconf 87' lang='lat' dir='ltr'><strong>Impera-</strong></span> 
     </span>
     <span class='ocr_line' id='line_1_26' title="bbox 234 1868 1640 1934; baseline -0.001 -16"><span class='ocrx_word' id='word_1_165' title='bbox 234 1885 312 1918; x_wconf 86' lang='lat' dir='ltr'><strong>tor</strong></span> <span class='ocrx_word' id='word_1_166' title='bbox 341 1872 650 1934; x_wconf 80' lang='lat' dir='ltr'><strong>cognitorum</strong></span> <span class='ocrx_word' id='word_1_167' title='bbox 681 1871 1026 1919; x_wconf 78' lang='lat' dir='ltr'><strong>consultationi</strong></span> <span class='ocrx_word' id='word_1_168' title='bbox 1061 1868 1386 1934; x_wconf 85' lang='lat' dir='ltr'><strong>respondens,</strong></span> <span class='ocrx_word' id='word_1_169' title='bbox 1431 1869 1521 1917; x_wconf 85' lang='lat' dir='ltr'><strong>sub</strong></span> <span class='ocrx_word' id='word_1_170' title='bbox 1541 1887 1640 1917; x_wconf 88' lang='lat' dir='ltr'><strong>uuo</strong></span> 
     </span>
     <span class='ocr_line' id='line_1_27' title="bbox 230 1938 1643 2004; baseline -0.001 -18"><span class='ocrx_word' id='word_1_171' title='bbox 230 1939 497 2004; x_wconf 84' lang='lat' dir='ltr'><strong>proloquio</strong></span> <span class='ocrx_word' id='word_1_172' title='bbox 519 1953 722 1986; x_wconf 89' lang='lat' dir='ltr'><strong>cunctos</strong></span> <span class='ocrx_word' id='word_1_173' title='bbox 748 1940 885 1989; x_wconf 87' lang='lat' dir='ltr'><strong>iubet</strong></span> <span class='ocrx_word' id='word_1_174' title='bbox 903 1939 1093 1988; x_wconf 84' lang='lat' dir='ltr'><strong>occidi:</strong></span> <span class='ocrx_word' id='word_1_175' title='bbox 1141 1952 1189 1985; x_wconf 87' lang='lat' dir='ltr'><strong>et</strong></span> <span class='ocrx_word' id='word_1_176' title='bbox 1216 1941 1295 1985; x_wconf 79' lang='lat' dir='ltr'><strong>vix</strong></span> <span class='ocrx_word' id='word_1_177' title='bbox 1332 1938 1430 1985; x_wconf 86' lang='lat' dir='ltr'><strong>fine</strong></span> <span class='ocrx_word' id='word_1_178' title='bbox 1458 1939 1643 1985; x_wconf 88' lang='lat' dir='ltr'><strong>animo-</strong></span> 
     </span>
     <span class='ocr_line' id='line_1_28' title="bbox 231 2005 1643 2070; baseline -0.001 -15"><span class='ocrx_word' id='word_1_179' title='bbox 231 2026 341 2055; x_wconf 87' lang='lat' dir='ltr'><strong>rum</strong></span> <span class='ocrx_word' id='word_1_180' title='bbox 361 2008 567 2055; x_wconf 88' lang='lat' dir='ltr'><strong>horrore</strong></span> <span class='ocrx_word' id='word_1_181' title='bbox 596 2007 835 2054; x_wconf 85' lang='lat' dir='ltr'><strong>funestum</strong></span> <span class='ocrx_word' id='word_1_182' title='bbox 867 2007 1198 2070; x_wconf 84' lang='lat' dir='ltr'><strong>spectaculum</strong></span> <span class='ocrx_word' id='word_1_183' title='bbox 1226 2005 1541 2054; x_wconf 83' lang='lat' dir='ltr'><strong>multitudine</strong></span> <span class='ocrx_word' id='word_1_184' title='bbox 1573 2007 1643 2054; x_wconf 87' lang='lat' dir='ltr'><strong>in-</strong></span> 
     </span>
     <span class='ocr_line' id='line_1_29' title="bbox 230 2074 1642 2141; baseline 0 -18"><span class='ocrx_word' id='word_1_185' title='bbox 230 2095 433 2124; x_wconf 86' lang='lat' dir='ltr'><strong>numera</strong></span> <span class='ocrx_word' id='word_1_186' title='bbox 452 2078 506 2141; x_wconf 80' lang='lat'><strong>¹¹)</strong></span> <span class='ocrx_word' id='word_1_187' title='bbox 526 2089 813 2137; x_wconf 86' lang='lat' dir='ltr'><strong>contuente,</strong></span> <span class='ocrx_word' id='word_1_188' title='bbox 848 2089 894 2134; x_wconf 82' lang='lat' dir='ltr'><strong>et</strong></span> <span class='ocrx_word' id='word_1_189' title='bbox 916 2089 1144 2123; x_wconf 86' lang='lat' dir='ltr'><strong>onerante</strong></span> <span class='ocrx_word' id='word_1_190' title='bbox 1167 2074 1413 2137; x_wconf 82' lang='lat' dir='ltr'><strong>questibus</strong></span> <span class='ocrx_word' id='word_1_191' title='bbox 1449 2077 1642 2123; x_wconf 86' lang='lat' dir='ltr'><strong>caelum</strong></span> 
     </span>
     <span class='ocr_line' id='line_1_30' title="bbox 232 2142 1641 2210; baseline 0 -18"><span class='ocrx_word' id='word_1_192' title='bbox 232 2148 461 2210; x_wconf 87' lang='lat' dir='ltr'><strong>(namque</strong></span> <span class='ocrx_word' id='word_1_193' title='bbox 490 2144 788 2209; x_wconf 80' lang='lat' dir='ltr'><strong>singulorum</strong></span> <span class='ocrx_word' id='word_1_194' title='bbox 815 2144 938 2191; x_wconf 84' lang='lat' dir='ltr'><strong>mala</strong></span> <span class='ocrx_word' id='word_1_195' title='bbox 972 2148 1192 2191; x_wconf 85' lang='lat' dir='ltr'><strong>omnium</strong></span> <span class='ocrx_word' id='word_1_196' title='bbox 1225 2142 1316 2190; x_wconf 77' lang='lat' dir='ltr'><strong>effe</strong></span> <span class='ocrx_word' id='word_1_197' title='bbox 1358 2146 1641 2192; x_wconf 85' lang='lat' dir='ltr'><strong>communia</strong></span> 
     </span>
     <span class='ocr_line' id='line_1_31' title="bbox 231 2212 1640 2279; baseline 0.001 -18"><span class='ocrx_word' id='word_1_198' title='bbox 231 2215 577 2279; x_wconf 86' lang='lat' dir='ltr'><strong>credebantur)</strong></span> <span class='ocrx_word' id='word_1_199' title='bbox 624 2213 757 2260; x_wconf 86' lang='lat' dir='ltr'><strong>ducti</strong></span> <span class='ocrx_word' id='word_1_200' title='bbox 804 2212 1015 2260; x_wconf 85' lang='lat' dir='ltr'><strong>univerfi</strong></span> <span class='ocrx_word' id='word_1_201' title='bbox 1072 2212 1301 2259; x_wconf 85' lang='lat' dir='ltr'><strong>flebiliter</strong></span> <span class='ocrx_word' id='word_1_202' title='bbox 1356 2212 1640 2277; x_wconf 82' lang='lat' dir='ltr'><strong>iugulantur</strong></span> 
     </span>
     <span class='ocr_line' id='line_1_32' title="bbox 229 2280 1640 2348; baseline 0 -19"><span class='ocrx_word' id='word_1_203' title='bbox 229 2298 422 2348; x_wconf 83' lang='lat' dir='ltr'><strong>practer</strong></span> <span class='ocrx_word' id='word_1_204' title='bbox 444 2281 774 2331; x_wconf 83' lang='lat' dir='ltr'><strong>Simonidem:</strong></span> <span class='ocrx_word' id='word_1_205' title='bbox 815 2300 961 2346; x_wconf 90' lang='lat' dir='ltr'><strong>quem</strong></span> <span class='ocrx_word' id='word_1_206' title='bbox 982 2280 1135 2329; x_wconf 89' lang='lat' dir='ltr'><strong>solum</strong></span> <span class='ocrx_word' id='word_1_207' title='bbox 1158 2281 1322 2329; x_wconf 87' lang='lat' dir='ltr'><strong>saevus</strong></span> <span class='ocrx_word' id='word_1_208' title='bbox 1341 2281 1421 2328; x_wconf 88' lang='lat' dir='ltr'><strong>ille</strong></span> <span class='ocrx_word' id='word_1_209' title='bbox 1453 2281 1640 2329; x_wconf 88' lang='lat' dir='ltr'><strong>senten-</strong></span> 
     </span>
     <span class='ocr_line' id='line_1_33' title="bbox 230 2351 1642 2414; baseline 0 -15"><span class='ocrx_word' id='word_1_210' title='bbox 230 2353 325 2400; x_wconf 86' lang='lat' dir='ltr'><strong>tiae</strong></span> <span class='ocrx_word' id='word_1_211' title='bbox 345 2354 496 2414; x_wconf 87' lang='lat' dir='ltr'><strong>lator‚</strong></span> <span class='ocrx_word' id='word_1_212' title='bbox 535 2353 755 2399; x_wconf 74' lang='lat' dir='ltr'><strong>efferatus</strong></span> <span class='ocrx_word' id='word_1_213' title='bbox 777 2352 841 2399; x_wconf 91' lang='lat' dir='ltr'><strong>ob</strong></span> <span class='ocrx_word' id='word_1_214' title='bbox 862 2351 1176 2398; x_wconf 83' lang='lat' dir='ltr'><strong>constantiam</strong></span> <span class='ocrx_word' id='word_1_215' title='bbox 1199 2368 1392 2414; x_wconf 83' lang='lat' dir='ltr'><strong>gravem</strong></span> <span class='ocrx_word' id='word_1_216' title='bbox 1407 2387 1420 2411; x_wconf 87' lang='lat'><strong>,</strong></span> <span class='ocrx_word' id='word_1_217' title='bbox 1448 2351 1642 2411; x_wconf 77' lang='lat' dir='ltr'><strong>iusserat</strong></span> 
     </span>
    </p>

    <p class='ocr_par' dir='ltr' id='par_1_9' title="bbox 159 2419 1641 2694">
     <span class='ocr_line' id='line_1_34' title="bbox 159 2419 1637 2483; baseline -0.003 -12"><span class='ocrx_word' id='word_1_218' title='bbox 159 2422 439 2483; x_wconf 75' lang='lat' dir='ltr'><strong>Z9ssammis</strong></span> <span class='ocrx_word' id='word_1_219' title='bbox 474 2421 620 2469; x_wconf 83' lang='lat' dir='ltr'><strong>exuri.</strong></span> <span class='ocrx_word' id='word_1_220' title='bbox 706 2420 806 2476; x_wconf 84' lang='lat' dir='ltr'><strong>Qui</strong></span> <span class='ocrx_word' id='word_1_221' title='bbox 848 2421 995 2467; x_wconf 87' lang='lat' dir='ltr'><strong>vitam</strong></span> <span class='ocrx_word' id='word_1_222' title='bbox 1039 2434 1092 2467; x_wconf 87' lang='lat' dir='ltr'><strong>ut</strong></span> <span class='ocrx_word' id='word_1_223' title='bbox 1136 2419 1385 2466; x_wconf 84' lang='lat' dir='ltr'><strong>dominam</strong></span> <span class='ocrx_word' id='word_1_224' title='bbox 1425 2420 1637 2482; x_wconf 77' lang='lat' dir='ltr'><strong>fugitans</strong></span> 
     </span>
     <span class='ocr_line' id='line_1_35' title="bbox 232 2487 1641 2548; baseline -0.001 -12"><span class='ocrx_word' id='word_1_225' title='bbox 232 2489 485 2548; x_wconf 86' lang='lat' dir='ltr'><strong>rabidam,</strong></span> <span class='ocrx_word' id='word_1_226' title='bbox 529 2490 691 2538; x_wconf 88' lang='lat' dir='ltr'><strong>ridens</strong></span> <span class='ocrx_word' id='word_1_227' title='bbox 723 2489 901 2536; x_wconf 85' lang='lat' dir='ltr'><strong>subitas</strong></span> <span class='ocrx_word' id='word_1_228' title='bbox 934 2503 1295 2537; x_wconf 84' lang='lat' dir='ltr'><strong>momentorum</strong></span> <span class='ocrx_word' id='word_1_229' title='bbox 1328 2487 1510 2548; x_wconf 85' lang='lat' dir='ltr'><strong>ruinas,</strong></span> <span class='ocrx_word' id='word_1_230' title='bbox 1551 2489 1641 2535; x_wconf 88' lang='lat' dir='ltr'><strong>im-</strong></span> 
     </span>
     <span class='ocr_line' id='line_1_36' title="bbox 230 2556 1637 2622; baseline 0.001 -18"><span class='ocrx_word' id='word_1_231' title='bbox 230 2560 427 2606; x_wconf 84' lang='lat' dir='ltr'><strong>mobilis</strong></span> <span class='ocrx_word' id='word_1_232' title='bbox 480 2559 818 2622; x_wconf 78' lang='lat' dir='ltr'><strong>conflagravit:</strong></span> <span class='ocrx_word' id='word_1_233' title='bbox 874 2557 1192 2622; x_wconf 85' lang='lat' dir='ltr'><strong>Peregrinum</strong></span> <span class='ocrx_word' id='word_1_234' title='bbox 1233 2557 1370 2603; x_wconf 89' lang='lat' dir='ltr'><strong>illum</strong></span> <span class='ocrx_word' id='word_1_235' title='bbox 1421 2556 1637 2606; x_wconf 85' lang='lat' dir='ltr'><strong>imitatus</strong></span> 
     </span>
     <span class='ocr_line' id='line_1_37' title="bbox 230 2626 1635 2694; baseline 0.003 -23"><span class='ocrx_word' id='word_1_236' title='bbox 230 2627 403 2675; x_wconf 69' lang='lat' dir='ltr'><strong>‚Protea</strong></span> <span class='ocrx_word' id='word_1_237' title='bbox 425 2629 735 2693; x_wconf 80' lang='lat' dir='ltr'><strong>cognomine,</strong></span> <span class='ocrx_word' id='word_1_238' title='bbox 766 2626 1118 2694; x_wconf 86' lang='lat' dir='ltr'><strong>philosophum</strong></span> <span class='ocrx_word' id='word_1_239' title='bbox 1142 2627 1355 2676; x_wconf 87' lang='lat' dir='ltr'><strong>clarum:</strong></span> <span class='ocrx_word' id='word_1_240' title='bbox 1389 2626 1493 2692; x_wconf 84' lang='lat' dir='ltr'><strong>qui,</strong></span> <span class='ocrx_word' id='word_1_241' title='bbox 1522 2645 1635 2675; x_wconf 87' lang='lat' dir='ltr'><strong>cum</strong></span> 
     </span>
    </p>
   </div>
   <div class='ocr_carea' id='block_1_4' title="bbox 279 2791 676 2837">
    <p class='ocr_par' dir='ltr' id='par_1_10' title="bbox 279 2791 676 2837">
     <span class='ocr_line' id='line_1_38' title="bbox 279 2791 676 2837; baseline -0.003 -11"><span class='ocrx_word' id='word_1_242' title='bbox 279 2797 334 2837; x_wconf 66' lang='lat' dir='ltr'><strong>tr)</strong></span> <span class='ocrx_word' id='word_1_243' title='bbox 362 2791 427 2826; x_wconf 65' lang='grc' dir='ltr'><strong>ΜΓ.</strong></span> <span class='ocrx_word' id='word_1_244' title='bbox 459 2793 676 2827; x_wconf 54' lang='lat' dir='ltr'><strong>confluente.</strong></span> 
     </span>
    </p>
   </div>
  </div>
 </body>
</html>
