1727 3144
229 124 806 175 19111,ΕΝΤιΝιἈΝ.-ΕΤ
841 141 1091 173 VALENs.
1178 129 1291 174 565.
1403 130 1500 176 415

91 246 254 300 dubiis
289 248 701 318 impropugnatas
714 269 805 299 eas
835 250 1162 317 relinqueret,
1207 270 1341 328 quas·
1366 259 1501 316 prae-

83 320 192 369 sens
229 323 431 386 eripete
445 323 631 387 poterit
663 321 1036 368 discriminibus»
1065 321 1315 378 maximis»,
1366 338 1500 370 metu

86 391 330 439 ambitiofi
347 392 560 440 nominis
575 390 658 439 sui
689 391 948 438 Germanis
968 389 1170 438 incuffo.

142 491 146 494 »
183 460 409 509 Tandem
433 461 645 525 denique
666 460 877 506 utilitate
898 461 968 507 rei
997 459 1278 525 perpensius
1295 476 1497 521 excogi-

83 544 208 590 tata,
237 530 288 575 in
311 532 577 577 11111110111111
616 529 882 576 lententias
897 531 1079 586 flexus,
1110 528 1378 593 ieplicabat
1415 529 1497 574 ali-

82 598 304 662 quoties,
340 600 530 647 holtem
550 598 689 646 suum
726 595 981 662 fratrisque
1014 598 1163 646 lolius
1194 597 1284 645 effe
1307 597 1497 644 Proco-

79 667 245 732 pium;
288 669 583 716 Alamannos
615 683 731 713 veto
767 667 917 729 totius
950 668 1083 714 orbis
1126 666 1368 714 Romani:
1410 666 1497 717 [ta-

78 737 271 801 tuitque
292 752 529 799 nusquam
553 735 753 782 interim
775 747 906 780 extra
922 737 1140 782 confinia
1161 735 1349 783 moveri
1383 735 1495 782 Gal-

77 805 253 851 lorum.
333 804 395 851 Et
422 803 641 869 adusque
671 802 849 849 Remos
885 803 1185 868 progressus,
1235 803 1492 851 sollisitus-

79 891 174 937 que
196 871 339 936 super
360 874 553 934 Africa,
589 890 651 919 ne
679 886 880 936 repente
901 890 1094 937 per'tlun
1098 888 1298 951 pe1etur
1310 912 1322 933 ,
1361 874 1493 920 Neo-

77 941 316 1003 merium,
349 943 510 1020 postea
531 910 781 989 c'onsulem
800 955 916 988 tunc
952 944 1197 989 notarium
1215 980 1227 1003 ‚
1273 943 1336 989 ad
1365 961 1492 989 enn-

77 1009 190 1058 dem
214 1010 478 1058 tuendam
466 1029 538 1059 ire
562 1009 826 1074 disposuit,
860 1023 908 1057 et
929 1011 1296 1058 Masaucionem
1325 1012 1493 1058 dome-

74 1079 245 1127 sticum
283 1095 618 1144 protectorem
666 1097 721 1125 ea
761 1078 1173 1140 conlidcratione,
1228 1079 1364 1143 quod
1404 1080 1491 1127 diu

75 1147 162 1195 sub
188 1162 322 1213 patre
346 1151 576 1197 Cretione
603 1147 855 1214 quondam
891 1149 1083 1196 Coiuite
1117 1149 1374 1207 educatus,
1415 1148 1491 1196 111-

78 1216 237 1281 specta
266 1233 470 1266 noverat
498 1220 635 1279 loca3
685 1218 860 1280 hisque
901 1231 948 1265 et
976 1218 1238 1265 scutarium
1267 1216 1489 1265 adiunxit

75 1286 438 1348 Gaudentium,
469 1288 586 1334 olim
609 1286 700 1334 fibi
724 1287 977 1350 cognitum
1002 1301 1049 1334 et
1074 1287 1287 1335 fidelem.

177 1356 307 1412 Quia
338 1357 487 1420 igitur
515 1374 615 1404 uno
648 1355 924 1420 eodemque
959 1370 1180 1421 tempore
1218 1357 1485 1421 utrobique

72 1425 293 1472 turbines
318 1426 535 1479 exarsere
562 1425 877 1483 maestissimi,
919 1426 1218 1488 competenti
1251 1427 1364 1472 loco
1399 1425 1487 1472 lin-

72 1495 182 1557 gula
206 1493 508 1557 digeremus,
540 1513 670 1540 nunc
695 1495 954 1558 partemin
989 1494 1192 1541 Oriente
1227 1494 1486 1557 gestorum,

73 1562 252 1610 deinde
273 1564 400 1610 bella
421 1563 675 1610 barbarica
693 1562 933 1608 narraturi
953 1580 962 1608 t
995 1564 1229 1626 quoniam
1245 1563 1486 1627 pleraque

73 1645 121 1679 et
154 1631 206 1677 in
235 1631 527 1680 occidentali
557 1646 604 1679 et
634 1631 687 1677 in
728 1631 836 1678 Eoo
867 1631 986 1678 orbe
1027 1630 1203 1678 iisdem
1241 1631 1486 1679 menlinus

1462 459 1570 506 ‘13

1517 808 1567 862 ¹4

70 1699 181 1747 sunt
210 1701 442 1749 excitata:
483 1720 572 1760 ne,
612 1699 731 1748 dum
770 1718 826 1747 ex
853 1700 966 1748 loco
1000 1699 1208 1747 subinde
1243 1700 1486 1747 saltuatim
1524 1716 1527 1717 ’

71 1767 233 1816 redire
264 1770 542 1817 festinamus
579 1770 630 1815 in
661 1770 854 1828 locum,
903 1769 1066 1816 onmia
1106 1769 1483 1832 confundenteS,

69 1837 377 1903 squaliditate
397 1840 607 1886 maxima
628 1855 791 1885 rerum
816 1837 1011 1885 ordines
1031 1837 1355 1901 implicemus.

171 1907 262 1954 VI.
289 1907 469 1971 Inligni
494 1925 668 1972 genere
690 1907 962 1971 Procopius
983 1908 1032 1953 in
1064 1908 1235 1954 Cilicia
1266 1923 1407 1954 natus
1435 1923 1481 1955 et

72 1976 330 2037 eductum,
365 1994 417 2023 ea
439 1976 854 2035 consideratione,
887 1995 980 2040 qua
1010 1977 1377 2041 propinquitate
1402 1978 1482 2024 Iu-

69 2046 248 2091 lianum
275 2045 436 2109 postea
460 2046 737 2110 Principem
758 2013 1100 2109 coritingebat,
1140 2064 1165 2091 a
1188 2047 1347 2110 primo
1378 2064 1482 2108 gra-

74 2113 142 2160 du
174 2114 347 2161 eluxit.
389 2129 436 2162 ct
462 2130 517 2163 ut
550 2116 647 2162 vita
683 2115 1003 2180 moribusque
1023 2082 1302 2178 castigatioi
1316 2151 1328 2174 ,
1363 2115 1480 2160 licet

73 2183 291 2230 occultus
313 2197 414 2231 erat
436 2198 483 2231 et
502 2185 794 2245 taciturnuS,
831 2185 1047 2231 notarius
1076 2183 1162 2230 diu
1193 2182 1347 2247 pers
1304 2201 1398 2246 pic
1385 2183 1480 2228 101-

71 2266 144 2300 ter
167 2252 378 2298 militans
401 2267 447 2299 ct
469 2254 716 2313 tribunus,
752 2253 947 2318 iamque
975 2252 1288 2299 summatibus
1319 2251 1479 2314 proxi-

68 2339 205 2368 mus:
254 2321 360 2384 post
389 2322 657 2370 Constantii
690 2322 877 2370 obitum
909 2323 957 2368 in
980 2341 1141 2370 rerum
1162 2319 1476 2367 conversione

71 2391 201 2438 velut
223 2390 539 2455 Imperatoris
574 2404 805 2454 cognatus
839 2391 981 2438 altius
1010 2389 1293 2449 anhelabat,
1338 2391 1371 2454 ¹)
1396 2387 1478 2437 ad-

69 2459 263 2507 iunctus
287 2459 535 2508 consortio
567 2461 844 2507 Comitum:
891 2474 938 2507 ct
966 2458 1229 2521 adparebat
1260 2475 1398 2518 eum,
1437 2456 1476 2504 fi

69 2545 303 2593 umquam
335 2530 584 2592 potuill'et‚
624 2530 730 2574 sorc
771 2529 947 2592 quictis
994 2528 1218 2591 publicae
1261 2528 1476 2574 turbato-

72 2614 187 2643 rem.
260 2597 406 2644 Hunc
439 2599 655 2646 Iulianus
688 2596 933 2646 Perlidem
963 2596 1263 2661 ingrediens,
1306 2595 1522 2647 conso-2

118 2761 154 2805 ι)
183 2758 248 2793 ΜΓ.
280 2760 482 2798 adiunctus.
