1727 3144
211 138 304 183 2492
447 140 718 174 AMMIANI
758 137 1159 177 aiAchtmnr
1201 142 1386 188 xxvxi,
1434 131 1480 175 6.

211 266 379 296 recens
400 249 636 314 provecti.
716 249 816 306 Qui
839 268 949 296 cum
983 249 1182 299 veniss'et
1200 252 1430 301 militares
1450 253 1618 317 copias

212 317 419 379 ducem,
470 320 696 382 ferreque
732 337 877 382 opem
909 319 1052 366 rebus
1102 335 1351 385 rogaretur
1390 321 1616 384 adflictis,

208 404 310 434 non
340 388 429 434 nifi
456 387 722 436 abundanti
751 402 1028 436 commeatu
1056 388 1278 453 adgesto,
1322 405 1377 438 et'
1408 392 1619 439 camelo-

208 475 317 503 rum
337 472 546 522 qnatuor
569 457 787 503 millibus
809 456 1078 521 adparatis⁷
1108 459 1257 506 castra
1276 461 1503 507 firmabat
1526 459 1619 508 effe

162 540 188 586 5
209 541 475 574 moturum.
548 526 758 591 Hocque
778 524 1007 590 responso
1029 525 1310 576 miserandis
1328 529 1517 576 civibus
1527 529 1621 576 stu-

209 596 440 660 pefactis,
484 609 627 660 atque
658 595 973 659 negantibus,
1013 594 1232 644 sufficere
1265 597 1313 645 se
1351 597 1483 662 polle
1511 597 1620 662 post

206 666 492 713 vastationes
527 678 574 712 et
606 663 860 726 incendia,
900 665 966 711 ita
994 666 1621 714 enormibusinstrumentis

209 734 422 782 iemedia
454 751 684 799 quaeiere
716 732 921 781 damnm
912 752 1009 780 um
1041 734 1354 797 immanium,
1410 735 1622 783 dissimu-

206 804 363 851 lanter
401 803 574 851 diebus
612 801 683 849 ibi
728 801 1049 867 quadiaginta
1087 803 1421 868 consumptis,
1481 805 1620 852 nullo

207 887 394 920 tentato
414 872 531 919 inde
558 868 781 918 d1scess'e1
774 885 833 917 at
861 873 1052 919 Comes.

160 968 188 1010 7
307 942 418 998 Qua
445 941 530 1003 spe
559 940 596 1003 ³)
629 938 672 985 Γ
681 939 931 1001 nlpohtam
960 939 1172 986 sxulnati
1199 939 1620 1005 formidantesque

209 1026 441 1069 extrema,
487 1006 684 1071 adlapso
717 1006 939 1070 legitimo
963 1006 1042 1054 die
1065 1008 1291 1068 concilii,
1327 1010 1464 1074 quod
1487 1009 1620 1074 apud

204 1098 289 1126 eos
316 1078 381 1125 est
409 1095 640 1136 annuum,
677 1076 910 1124 Severum
937 1089 985 1122 et
1009 1076 1048 1140 ⁴)
1061 1076 1369 1124 Flaccianum
1396 1096 1622 1126 creavere

200 1146 789 1212 legatos7V1ctouaium
815 1162 958 1192 aulea
992 1143 1242 1192 fimulacra
1271 1146 1618 1196 Valentiniano

206 1220 270 1264 ob
302 1215 499 1294 impeiii
536 1214 776 1279 piimitias
816 1214 1095 1260 oblatuios:
1150 1227 1302 1278 utque
1342 1214 1620 1263 lacrimosas

156 1304 182 1347 3
207 1286 487 1351 piovinciae
511 1284 673 1331 minas
697 1282 963 1330 doceient
953 1280 1213 1346 mtiepide.
1272 1282 1465 1339 Quibus
1488 1301 1618 1332 com-

203 1356 354 1420 pertis
376 1355 644 1411 Romanus,
677 1351 816 1399 miss'o
843 1351 1005 1417 equite
1027 1352 1163 1398 veloc
1167 1350 1322 1400 iffimo
1343 1352 1619 1416 magistrum

205 1425 481 1472 officioium
511 1423 634 1486 petit
665 1421 968 1485 Remigium,
1018 1420 1228 1467 adfinem
1261 1419 1402 1468 suum
1431 1422 1623 1486 rapina-

204 1513 313 1540 rum
340 1512 424 1557 pai
429 1507 656 1556 t1c1pem,
698 1505 754 1537 ut
774 1508 895 1554 prov
886 1489 1056 1536 ideiet
1075 1489 1392 1552 Imperatoiis
1414 1491 1619 1541 arbitrio

203 1562 538 1625 cognitionem
558 1560 704 1608 huius
727 1559 913 1623 negotii
932 1558 1133 1610 Vicario
1155 1559 1190 1622 ⁵)
1205 1557 1393 1622 [ibique
1421 1559 1616 1607 defeni.

153 1658 182 1700 9
203 1600 458 1680 Venerunt
489 1631 540 1676 in
576 1630 866 1677 comitatum
891 1628 1065 1691 legati:
1106 1626 1349 1699 aditoque
1371 1627 1617 1693 Principe,

202 1702 380 1758 veihis,
414 1718 538 1764 quae
558 1697 764 1764 peipeffi
784 1696 916 1758 sunt,
948 1695 1292 1743 οεῑειἸάενὰωη
1335 1697 1621 1744 obtulerunt

202 1768 316 1817 dect
322 1784 422 1829 eta,
455 1782 640 1816 textum
661 1765 963 1814 continentia
987 1764 1056 1812 iei
1079 1764 1245 1812 totius.
1335 1766 1529 1825 Quibus
1552 1767 1619 1814 le-

198 1838 313 1896 ctis,
354 1856 467 1884 cum
493 1854 653 1899 neque
671 1834 897 1882 relationi
922 1833 1198 1881 officiorum
1222 1834 1433 1898 magistri
1453 1835 1618 1883 faven-

199 1907 258 1952 tis
279 1905 484 1952 Romani
505 1905 726 1967 flagitiis,
764 1921 855 1950 nec
883 1903 1129 1950 contraria
1159 1902 1482 1950 referentibus
1512 1920 1615 1950 cre·

200 1974 420 2022 deretur:
471 1970 698 2035 promiffa
740 1969 1027 2033 disceptatio
1075 1971 1218 2033 plena
1259 1969 1408 2016 dilata
1446 1971 1512 2018 est
1552 1989 1613 2019 eo

198 2060 364 2104 mole,
411 2058 509 2106 quo
531 2038 720 2087 solent
709 2051 835 2085 inter
866 2038 1117 2102 potiorum
1137 2039 1484 2102 occupationes
1505 2039 1612 2087 ludi

196 2111 456 2176 potestates
476 2107 703 2156 excelsae.

126 2211 177 2240 10
298 2182 434 2228 Dum
469 2175 684 2230 remedia
719 2172 956 2240 quaedam
989 2192 1016 2220 a
1046 2172 1338 2220 commilitio
1366 2173 1612 2239 P11nc1pls

198 2250 566 2314 exspectantur,
610 2242 846 2309 suspenfis
876 2242 1196 2307 Tripolitanis
1230 2241 1413 2306 diuque
1444 2245 1611 2305 anxiis,

197 2318 358 2366 iurlus
393 2315 528 2380 globi
550 2313 868 2378 superveneie
904 2310 1173 2372 barbaiici‚
1222 2310 1404 2357 fiducia
1435 2282 1612 2388 sublati

126 2420 129 2423 -
193 2387 598 2464 piaeteiitoium:
640 2380 1000 2446 Leptitanoque
1032 2397 1148 2444 agio
1179 2393 1226 2427 et
1256 2379 1473 2426 Oeenfi
1461 2394 1608 2429 intei-

195 2456 364 2503 neciva
391 2452 711 2518 populatione
743 2448 1047 2510 tianscurfis,
1101 2447 1279 2512 expleti
1312 2447 1605 2512 piaedarum

196 2524 378 2572 acervis
409 2520 690 2586 ingentibus
720 2516 1070 2580 absccss'eiunt,
1129 2516 1297 2567 occifis
1328 2515 1606 2566 decurioni-

237 2758 280 2804 5)
300 2757 367 2793 Ms.
398 2755 676 2807 pentapolitani.
725 2758 762 2803 4)
790 2755 858 2795 Ms.
889 2755 1114 2807 ljliciiauum.
1174 2755 1218 2803 5)
1245 2755 1297 2791 al.
1325 2753 1390 2792 fibi
1418 2754 1491 2790 def.
