1727 3144
194 175 332 208 IAc.
401 175 784 207 Gltonovxr
847 175 1294 209 PRAEFATIO.
1406 179 1456 214 lx

53 285 187 341 boris
220 285 666 352 opportunitatem,
710 305 771 334 an
805 283 952 333 etiam
982 283 1146 334 subire
1165 285 1389 334 alacriter
1408 303 1458 336 et

53 354 248 421 exsequi
263 356 299 406 ‘?x
319 373 478 419 neque
502 355 555 402 id
576 355 669 417 ita,
706 370 761 402 ut
781 354 938 404 videri
961 354 1315 420 queat²³·temere
1338 357 1455 405 effu-

52 423 170 472 disse
194 439 276 472 aut
299 423 571 473 inconsulte
596 424 862 490 profiluiffe
895 423 1089 471 adhoc
1124 442 1301 473 munus
1314 437 1339 482 ,⁴
1367 424 1458 476 sed

48 508 213 542 mente
245 494 494 543 Herculeo
527 494 801 542 studiorum
841 494 1020 542 robore
1048 494 1172 541 bene
1197 507 1245 541 et
1266 493 1354 541 diu
1372 496 1454 542 fir-

47 576 204 625 mata,
246 577 293 612 et
323 563 386 612 ad
411 562 540 611 hanc
569 563 835 614 efficaciam
865 562 1220 628 circumspecto
1240 563 1365 610 iusto
1387 579 1452 627 et,
1465 578 1494 593 ⁶

47 646 103 679 ut
122 632 224 698 ipse
243 633 383 699 loqui
402 632 549 695 solet,
580 631 880 698 impetrabili
904 644 1155 698 apparatu.
1235 632 1326 681 Ille
1351 632 1452 682 line

47 699 203 750 dubio
235 704 446 749 multum
481 702 697 751 diversus
729 704 790 750 ab
825 702 1130 768 reliquorum
1161 700 1300 749 fimul
1325 703 1453 749 mili-

44 770 255 818 tantium
275 771 429 819 otiosa
452 772 724 836 imperitia,
757 771 846 819 sub
875 772 1088 837 pellibus
1116 785 1341 836 tempora
1381 770 1453 819 di.

43 835 334 904 stinguendo
364 842 416 888 in
449 856 603 889 certas
635 860 833 907 operas,
878 856 925 889 et
952 841 1041 888 ubi
1079 860 1154 889 res
1197 839 1449 906 poscebat,

43 907 282 972 Martem3
310 911 398 957 ubi
424 911 563 975 quies
584 911 820 972 dabatur,
851 909 1103 958 Palladem
1136 910 1450 971 aemulando,

43 990 94 1026 et
122 979 374 1029 occasione
403 980 761 1045 praesidiorum
789 980 1132 1045 variarumque
1177 979 1451 1043 expeditio.

41 1063 188 1108 num,
220 1049 469 1113 regioneS,
501 1064 694 1114 gentes,
726 1068 915 1111 mores,
951 1048 1204 1097 historiam
1237 1045 1450 1113 priscam

41 1128 91 1164 et
110 1114 184 1164 sui
203 1117 345 1166 limul
367 1120 605 1184 temporis
629 1118 982 1184 perdiscendo,
1019 1118 1298 1182 exemplum
1321 1131 1451 1165 vete-

42 1185 107 1232 ris
137 1186 351 1235 ‘Romani
381 1187 478 1236 five
509 1188 677 1236 militis
707 1188 805 1236 five
838 1187 978 1248 ducis
1016 1206 1078 1236 ne
1106 1187 1311 1235 instante
1343 1186 1451 1251 qui-

40 1252 155 1301 dem
175 1257 358 1320 praelio
381 1257 536 1304 studia
557 1258 745 1306 Graeca
767 1257 974 1322 perinde
1008 1275 1064 1304 ae
1096 1256 1270 1302 Latina
1307 1255 1451 1302 omit-

40 1324 186 1370 tentis
216 1326 426 1372 retulisse
455 1325 546 1372 [ibi
572 1327 784 1390 placuit,
821 1341 879 1371 ut
914 1326 1032 1372 hine
1054 1323 1191 1370 secus
1213 1337 1295 1370 aut
1317 1337 1448 1371 recte

40 1391 166 1438 faeta
187 1394 264 1440 vel
283 1393 571 1456 Principum
590 1391 809 1456 ipsorum
830 1393 907 1438 vel
934 1389 1245 1455 optimatum
1266 1393 1451 1440 valeret

41 1461 261 1508 consulta
282 1461 468 1509 ratione
492 1461 765 1507 aestimare:
807 1460 1092 1523 incolasque
1123 1460 1332 1507 Romani
1361 1461 1451 1508 im-

40 1531 169 1594 perii
199 1530 276 1577 vel
301 1530 478 1577 ultimo
508 1529 605 1575 hoc
639 1527 908 1592 specimine
941 1528 1119 1574 veteris
1149 1528 1334 1592 ingenii
1366 1529 1450 1577 ad-

40 1614 265 1646 moueret
284 1596 469 1663 gloriae
488 1611 536 1644 et
560 1596 711 1643 moris
733 1595 1005 1657 maiorum,
1034 1610 1089 1642 ut
1112 1596 1159 1641 in
1193 1598 1447 1660 profundo

42 1669 144 1715 otio
172 1667 350 1715 scirent
381 1667 590 1715 aliorum
618 1665 796 1730 scripta
824 1682 978 1730 aeque
1025 1683 1080 1712 ac
1116 1665 1361 1714 Iuvenalis
1400 1681 1450 1716 et

40 1736 188 1784 Marii
215 1736 419 1784 Maximi
441 1734 790 1783 contrectanda
813 1733 934 1795 effef,
979 1733 1121 1781 fimul
1150 1734 1448 1799 hortaretur,

41 1819 89 1853 et
115 1807 164 1852 in
187 1805 544 1852 calamitatibus
565 1818 663 1851 tam
689 1803 1022 1868 praesentibus
1038 1840 1050 1863 ,
1087 1821 1235 1869 quam
1260 1806 1449 1868 gravio.

41 1875 176 1922 ribus
200 1875 306 1938 post
324 1873 540 1922 venturis
574 1873 742 1937 solatia
771 1873 984 1921 adferret
1013 1871 1317 1920 stimulandis
1349 1875 1449 1921 ani-

41 1944 159 2004 mis,
204 1962 264 1991 ne
303 1944 649 2009 antiquitatum
682 1943 839 2007 ignari
875 1942 1020 1989 facile
1065 1940 1446 2006 desponderent,

40 2026 194 2077 utque
225 2012 288 2059 ad
316 2012 522 2077 priscam
551 2012 760 2059 tuendae
790 2011 975 2077 patriae
1005 2010 1350 2059 fortitudinem
1375 2030 1448 2062 re-

40 2097 351 2130 vocarentur.
436 2082 544 2129 Hoc
575 2100 650 2129 res
683 2080 786 2146 ipsa
812 2082 1017 2141 fatetur,
1061 2094 1109 2127 et
1148 2081 1310 2144 palam
1342 2095 1447 2129 tota

43 2152 148 2198 eius
180 2152 303 2198 ratio
335 2152 527 2199 elamat.
618 2149 921 2198 Adeonihil
956 2149 1205 2214 indignius
1236 2150 1447 2215 potuisse

40 2220 351 2285 pronuntiari
373 2220 619 2281 existimo,
662 2238 809 2285 quam
842 2217 981 2284 quod
1008 2236 1195 2283 nupera
1231 2219 1449 2267 Parilina

39 2290 281 2353 praefatio
316 2288 499 2350 edidit,
538 2289 854 2337 Ammianum
884 2287 1121 2353 denique,
1164 2306 1316 2353 quum
1337 2289 1448 2353 post

40 2357 394 2406 sacramentum
412 2359 540 2406 hanc
562 2376 663 2405 rem
688 2360 901 2422 arripere
927 2359 1191 2421 cogitaret,
1229 2371 1336 2404 tum
1364 2357 1448 2404 de-

2 2462 6 2467 .
41 2444 176 2473 mum
198 2442 252 2474 ut
272 2429 410 2475 miles
433 2426 682 2493 quondam
703 2446 756 2474 ae
780 2430 998 2474 Graecus
1019 2426 1222 2473 Latinae
1248 2427 1443 2489 linguae

42 2514 98 2543 ae
123 2497 345 2544 historiae
371 2498 613 2545 Romanae
644 2496 798 2561 magis
830 2494 1158 2555 adsuesceret,
1205 2495 1446 2542 Catonem

13 2566 280 2613 >maiorem
314 2568 388 2613 vel
419 2565 732 2626 Censorium,
792 2564 1005 2613 Caesaris
1045 2564 1445 2624 commentarios,

44 2633 349 2695 Sallustium,
399 2635 468 2682 Μ.
503 2635 723 2682 Tullium
766 2634 1051 2683 Ciceronem
1085 2632 1443 2697 diligentissimo

42 2702 220 2765 legill'e.
295 2705 371 2751 An
397 2705 507 2769 quia
528 2718 666 2751 uatus
689 2718 736 2750 et
755 2703 988 2751 educatus
1010 2701 1308 2749 Antiochiae
1329 2702 1444 2754 fuit,

46 2773 133 2819 uhi
168 2789 215 2820 et
245 2774 413 2820 Gallus
449 2772 621 2821 Caesar
655 2772 834 2820 dicitur
862 2770 1050 2835 vesperi
1089 2788 1177 2836 per
1216 2772 1441 2819 tabernas
