1727 3144
442 176 879 209 .1t‡1‚1ANU3.
954 163 1068 210 562.
1386 172 1525 225 299·

74 302 164 334 nae
182 283 345 349 specie
363 286 513 334 latere
535 285 705 335 dextro
726 286 949 351 infignis:
993 284 1102 350 qui,
1143 304 1256 333 cum
1287 289 1394 350 post
1421 290 1490 337 vi·

77 353 223 402 vendi
251 353 458 419 spatium
488 357 823 421 praestitutum
851 354 985 402 sacro
1018 355 1154 401 fonte
1181 354 1432 404 immersus
1463 377 1489 406 c

75 422 174 472 vita
193 424 369 471 abierit
391 426 502 490 (nec
533 424 662 472 enim
700 425 825 472 ultra
859 442 969 472 eum
999 421 1190 470 trahere
1221 423 1338 470 licet
1366 438 1492 473 aeta-

73 504 202 554 tem,
251 512 397 557 quam
425 493 607 542 secreta
635 495 876 541 librorum
915 492 1199 558 praescribit
1220 495 1488 542 'auctoritas

73 578 155 626 my
157 561 419 611 sticoium:
457 564 492 628 ³)
516 581 605 611 nec
627 563 716 611 uili
735 562 882 611 semel
904 563 949 610 ei
968 562 1020 609 in
1041 577 1169 608 anno
1191 562 1284 609 bos
1306 562 1489 609 femina

72 629 269 678 inventa
295 650 408 678 cum
429 633 557 680 notis
581 633 725 683 ‚certis
746 633 786 696 ⁴)
809 631 1029 695 offertui)
1057 631 1175 677 alten
1197 649 1306 678 eum
1331 631 1491 695 publi

73 715 134 745 co
161 700 410 763 quaeritur
431 701 593 748 luctu:
631 713 679 746 et
697 698 733 744 fi
753 699 983 746 omnibus
1014 699 1157 762 lignis
1185 697 1492 747 consumma..

72 779 150 813 tus
182 769 385 831 reperiri
407 768 648 832 potuerit,
686 766 882 814 ducitur
903 765 1180 831 Memphim
1202 768 1378 816 urbem
1397 770 1491 816 fie-

71 849 320 898 quentem,
355 835 721 902 praesentiaque
744 835 958 883 numinis
985 835 1268 900 Aesculapii
1291 838 1485 885 claram.

72 905 298 969 Cumque
330 905 553 954 initiante
592 905 857 953 antistitum
901 923 1108 953 numero
1144 919 1370 967 centum,
1418 907 1535 953 in-8

74 971 248 1020 ductus
266 974 314 1021 in
336 974 605 1023 thalamum
629 973 720 1022 effe
744 976 964 1039 coeperit
993 973 1149 1034 sacer,
1188 975 1485 1023 coniecturis

72 1043 252 1106 apertis
276 1042 405 1107 ligna
426 1062 589 1092 rerum
613 1044 889 1090 futurarum
918 1042 1100 1091 dicitur
1128 1042 1489 1100 demonstrare-3¹

71 1125 120 1158 ct
157 1110 389 1161 adeuntes
420 1113 662 1179 quosdam
689 1111 888 1158 indiciis
929 1113 1084 1159 aveiti
1127 1112 1324 1159 videtur
1365 1114 1490 1161 ohli-

71 1180 213 1244 quis,
251 1197 306 1229 ut
335 1184 620 1231 offeientem
646 1181 815 1230 eibum
845 1179 1109 1257 aliquando
1136 1181 1488 1229 Germanicum

71 1249 351 1313 Caesarem,
365 1252 509 1299 licut
541 1253 724 1300 lectum
751 1249 842 1312 est,
899 1248 1168 1310 ave1latus,
1225 1252 1490 1315 portende·

71 1331 146 1365 rat
164 1320 332 1383 paullo
355 1319 460 1384 post
480 1335 725 1368 eventura.

171 1389 285 1435 XV.
332 1388 552 1437 Strictim
581 1390 743 1454 itaque
763 1426 775 1450 ,
818 1389 1052 1452 quoniam
1079 1403 1271 1454 tempus
1293 1388 1487 1438 videtur
1511 1409 1527 1436 1

70 1454 169 1506 hoc
200 1456 447 1523 flagitare,
490 1476 565 1506 res
593 1458 919 1524 Aegyptiacae
953 1472 1048 1503 tan
1035 1472 1227 1521 tgantui,
1279 1476 1489 1522 quarum

70 1525 295 1572 notitiam
335 1526 384 1572 in
415 1527 604 1574 actibus
633 1526 875 1574 Hadriani
914 1541 960 1574 et
996 1527 1164 1573 Severi
1205 1527 1486 1590 Ριίιιοίρωυ

71 1592 348 1657 digessimus
381 1596 500 1655 late,
560 1594 658 1643 visa
701 1595 932 1658 pleraque
975 1608 1238 1641 nauantes.
1329 1595 1488 1660 Aegy·
1506 1607 1537 1637 2

64 1664 222 1728 ptiam
245 1678 437 1728 gentem
459 1665 681 1711 omnium
705 1661 1090 1724 vetustissimam,
1122 1661 1211 1709 nifi
1245 1662 1382 1727 quod
1414 1663 1490 1710 fu-

67 1750 156 1795 ·per
179 1732 466 1798 antiquitate
492 1746 646 1780 certat
666 1750 780 1779 cum
801 1730 1023 1797 Scythis,
1064 1749 1092 1778 a
1111 1731 1353 1779 meridiali
1374 1733 1491 1781 late-

68 1818 119 1848 re
144 1802 309 1867 Syrtes
329 1803 538 1850 maiores
561 1815 609 1849 et
633 1800 828 1866 Phycus
846 1800 1274 1864 promontorium,
1317 1815 1366 1848 et
1391 1801 1490 1849 Bo-

66 1870 202 1931 rion,
234 1885 281 1919 et
303 1872 647 1931 Garamantes,
675 1870 998 1934 nationesque
1034 1869 1192 1917 variae
1223 1869 1486 1918 claudunt:

67 1958 163 2004 qua
187 1939 443 1988 Orientem
467 1958 493 1988 e
516 1939 714 2004 regione
739 1936 1001 2003 prospicit,
1046 1938 1408 2004 Elephantinen
1439 1953 1489 1987 et

68 2007 279 2056 Meroen
306 2009 452 2057 urbes
486 2008 822 2072 Aethiopum,
865 2021 914 2054 et
945 2007 1225 2073 Catadupos
1260 2010 1488 2056 rubrum-

69 2095 165 2141 que
186 2075 385 2142 pelagus
406 2092 455 2125 et
472 2078 694 2127 Scenitas
725 2076 1062 2142 praetenditur
1095 2077 1288 2125 Arabas
1304 2114 1319 2139 ,
1362 2095 1486 2142 quos

66 2148 339 2194 Saracenos
363 2164 495 2195 nuuc
524 2146 851 2211 adpellamus:
894 2144 1231 2211 septemtrioni
1265 2144 1488 2210 oppofita

68 2228 309 2261 terrarum
351 2214 445 2261 fitu
482 2216 715 2264 cohaeret
750 2213 1027 2278 immenso,
1054 2215 1188 2263 unde
1229 2214 1484 2262 exordium

66 2282 182 2330 Alia
225 2283 576 2348 Syriarumque
621 2283 904 2348 provinciae
949 2283 1172 2332 sumunt:
1219 2302 1245 2329 a
1287 2281 1485 2346 vespera

68 2352 141 2399 Ili·
134 2370 238 2400 iaco
259 2351 554 2417 disiungitur
573 2371 722 2415 man,
760 2352 898 2421 quod
931 2352 1132 2420 quidam
1168 2351 1484 2400 nominaveie

69 2420 407 2469 Parthenium.

170 2489 330 2538 Pauca
357 2491 522 2555 itaque
551 2487 696 2554 super
739 2490 973 2538 benivolo
1015 2489 1236 2538 omnium
1281 2486 1534 2541 fluminea

68 2556 219 2621 Nilo,
262 2577 411 2626 quem
451 2559 732 2626 Aegyptum
767 2559 1014 2607 Homerus
1057 2557 1294 2623 adpellat,
1353 2574 1485 2622 prae-

115 2745 151 2785 ‘')
177 2744 244 2779 ΜΓ.
275 2757 425 2781 necatur
451 2747 590 2794 horago
617 2748 757 2784 arcibos
784 2747 891 2782 soem.
950 2746 1076 2793 steph.
1106 2758 1253 2784 necatur
1280 2747 1318 2783 Io
1342 2744 1479 2782 Inachi

68 2791 104 2831 4)
136 2789 199 2825 Ml
231 2801 264 2825 et
293 2794 354 2828 Sca
337 2794 417 2844 oph,
446 2792 617 2834 offertur,
654 2809 726 2844 quo
755 2796 916 2842 peremto
944 2793 1043 2828 alter.
