1727 3144
269 155 717 189 vrttun'rxxmn.
757 156 835 188 zi·
865 146 1120 188 vannus.
1191 144 1303 190 565.
1416 145 1506 191 411

105 265 296 313 honore
326 264 486 330 specie
516 278 656 313 tenus
689 265 978 324 adiunctus,
1013 265 1252 331 percurfis
1286 266 1514 314 Thraciis

106 332 319 394 Naesum
355 333 682 382 advenerunt:
725 336 814 382 ubi
855 335 908 393 in
948 333 1315 401 ¹)lubu1bano‚
1379 335 1516 399 quod

36 416 39 417 ’
107 391 404 467 adpellatum
423 403 654 452 Mediana
675 423 700 450 a
720 404 916 452 civitate
933 403 1080 452 tertio
1106 400 1271 467 lapide
1305 401 1516 466 dispara-

105 469 211 533 tur,
245 471 376 537 quafi
400 490 514 520 mox
535 472 818 539 separandi,
848 473 1013 538 partiti
1033 472 1142 520 sunt
1160 469 1384 519 comites.
1457 471 1516 518 Et
1538 493 1561 517 z

104 541 450 590 Valentiniano
474 542 701 607 quidem,
735 545 874 590 cuius
906 542 1110 590 arbitrio
1141 559 1216 589 res
1245 541 1520 605 gerebatur,

105 609 307 657 Iovinus
345 611 534 672 evenit,
594 610 785 659 dudum
823 626 1081 676 promotus
1131 629 1157 657 a
1198 610 1392 657 Iuliano
1433 626 1519 672 per

106 678 290 726 Gallias
319 679 542 744 magister
573 694 848 740 armorum,
899 694 948 728 et
973 678 1333 744 Dagalaiphus,
1373 695 1522 742 quem

103 747 308 794 militiae
328 762 569 795 rectorem
594 761 884 812 provexerat
903 747 1156 799 Iovianus:
1188 748 1239 794 iu
1262 747 1521 795 Orientem

104 832 220 863 vero
241 815 533 880 sequuturus
551 816 812 864 Valentem
832 816 1089 865 ordinatus
1109 817 1174 864 est
1191 816 1384 877 Victor,
1418 816 1433 861 i
1438 814 1521 879 pse

103 902 303 949 quoque
336 883 525 932 iudicio
559 884 804 951 Principis
836 884 1070 934 antedicti
1095 899 1386 950 provectus,
1440 884 1522 930 eui

101 953 296 1000 iunctus
317 954 383 1001 est
403 953 718 1001 Arinthaeus.
798 953 1070 1020 Lupicinus
1099 955 1231 1002 enim
1262 954 1302 1019 ²)
1328 953 1524 1019 pridem

102 1041 128 1069 a
156 1022 362 1070 Ioviano
394 1023 499 1087 pari
531 1022 689 1071 modo
717 1037 974 1089 promotus
1019 1023 1247 1085 magister
1279 1024 1519 1087 equitum,

102 1105 262 1155 partes
284 1093 514 1140 tuebatur
533 1092 674 1140 ans.
749 1091 893 1140 Tunc
913 1106 963 1147 et
984 1091 1212 1155 Equitius
1236 1091 1517 1156 Illyriciano
1540 1107 1568 1150 3

103 1161 422 1226 praeponitur
449 1160 709 1221 exercitui,
762 1160 985 1209 nondum
1018 1159 1271 1223 magister,
1313 1159 1393 1207 sed
1427 1161 1521 1206 Co-

102 1247 232 1276 mes:
279 1243 328 1277 et
347 1230 643 1278 Serenianus
666 1229 787 1276 olim
815 1228 1118 1277 sacramento
1151 1227 1412 1291 dign-effus,
1450 1246 1523 1275 re-

102 1298 292 1346 cinctus
323 1299 389 1346 est
417 1312 473 1345 ut
503 1297 810 1358 Pannonius,
855 1298 1164 1361 sociatusque
1199 1297 1398 1345 Valenti
1433 1297 1521 1344 do-

102 1367 414 1415 mesticorum
446 1366 656 1431 praefuit
691 1366 902 1415 scholae.
985 1367 1182 1423 Quibus
1213 1366 1279 1413 ita
1308 1365 1520 1431 digestis,

104 1450 152 1483 et
172 1436 406 1483 militares
427 1436 594 1499 partiti
612 1437 821 1484 numeri.

201 1504 266 1552 Et
288 1505 396 1568 post
414 1504 536 1552 haec
554 1523 668 1551 cum
692 1507 839 1551 ambo
858 1504 1031 1550 fratres
1060 1503 1297 1550 Sirmium
1331 1499 1523 1549 introis·-
1540 1507 1570 1561 4

103 1570 233 1633 sent,
270 1571 428 1621 diviso
451 1572 658 1638 palatio,
705 1587 760 1619 ut
792 1573 978 1637 potiori
1010 1571 1270 1632 decuerat,
1306 1570 1525 1618 Valenti-

105 1640 274 1690 nianus
300 1641 670 1702 Mediolanum,
713 1640 1192 1705 Constantinopolim
1220 1641 1402 1688 Valens
1431 1638 1526 1685 dis-

101 1709 250 1757 ccffit.
322 1711 385 1758 Et
405 1711 662 1760 Orientem
686 1709 889 1776 quidem
913 1710 1111 1773 regebat
1132 1709 1367 1773 potestate
1391 1725 1526 1772 puae·
1543 1722 1571 1767 5

104 1779 223 1826 fecti
245 1779 523 1842 Sallustius,
554 1780 746 1827 Italiam
771 1797 889 1827 vero
910 1796 1023 1826 cum
1047 1778 1220 1826 Africa
1249 1793 1295 1826 et
1325 1777 1522 1842 Illyrico

103 1847 460 1910 Mamertinus,
497 1863 546 1897 et
572 1848 754 1896 Gallias
780 1847 1058 1913 provincias
1088 1848 1124 1911 ³)
1146 1846 1521 1894 Germanianus.

106 1916 324 1980 Agentes
366 1917 516 1981 igitur
560 1917 612 1964 in
661 1917 944 1966 memoratis
996 1916 1202 1963 urbibus
1251 1913 1521 1977 Principes,
1542 1930 1572 1974 6

103 1984 412 2051 sumpserunt
440 1986 668 2051 primitus
699 1986 892 2033 trabeas
921 1984 1225 2032 consulares:
1265 1982 1523 2047 omnisque

105 2053 191 2102 hic
226 2072 381 2103 annus
412 2052 686 2121 dispendiis
723 2055 950 2120 gravibus
987 2071 1091 2101 rem
1132 2053 1403 2100 Romanam
1443 2051 1525 2098 ad-

107 2123 247 2171 flixit.
323 2123 587 2172 Alamanni
618 2122 748 2171 enim
782 2121 1048 2189 perrupere
1078 2121 1370 2171 Germaniae
1397 2122 1570 2178 limi-7

110 2205 182 2239 tes
197 2229 210 2254 ,
245 2191 338 2239 hac
360 2210 416 2239 ex
435 2191 574 2240 causa
592 2190 736 2240 solito
757 2192 975 2241 infestius
995 2191 1133 2239 moti.
1208 2192 1331 2239 Cum
1354 2189 1521 2253 legatis

110 2278 283 2308 eorum
314 2260 461 2308 missis
494 2260 557 2308 ad
587 2261 877 2309 comitatum
905 2276 1037 2310 certa
1071 2275 1119 2308 et
1160 2260 1438 2324 praestituta
1467 2275 1525 2304 ex

110 2347 249 2377 more
271 2347 474 2377 munera
494 2329 719 2394 praeberi
743 2329 1002 2391 deberent,
1044 2330 1233 2377 minora
1268 2344 1316 2378 et
1348 2330 1387 2392 ⁴)
1410 2327 1523 2374 vilia

109 2397 221 2446 sunt
240 2398 495 2446 attributa:
529 2415 653 2463 quae
676 2398 749 2446 illi
781 2397 1027 2464 suscepta,
1069 2399 1284 2447 furenter
1312 2410 1521 2461 agentes,

109 2479 165 2514 ut
184 2466 510 2532 indignissima
532 2467 799 2532 proiecere.
871 2468 1186 2532 Tractatique
1219 2467 1431 2532 asperius
1462 2464 1522 2510 ab

112 2535 316 2584 Ursacio
336 2550 453 2584 tunc
472 2536 700 2601 magistro
724 2538 1016 2598 officiorum,
1052 2536 1287 2584 iracundo
1307 2533 1524 2600 quodam

117 2725 196 2803 MP
236 2722 322 2801 Sltf'p
298 2722 361 2767 p-lz
398 2720 935 2770 suburli0.2)Ms.p1-idie.
997 2724 1033 2766 3)
1060 2719 1129 2755 Ml.
1162 2718 1437 2756 Germanianus.
1493 2717 1529 2757 q)

219 2780 249 2800 vi
271 2780 317 2802 ιι.
