1727 3144
178 163 274 209 422
416 177 672 209 Annium
703 178 737 208 M
755 176 1090 208 &neumam
1117 177 1264 222 xxvx,
1298 179 1341 223 7.
1382 164 1428 207 8.

181 287 396 334 terrifico
433 287 656 349 fremitu,
711 304 858 351 quem
897 287 1093 334 barbati
1128 259 1297 334 dicunt
1334 285 1588 349 barritum,

184 371 514 419 nuncupatum
572 358 925 420 Imperatorem
969 355 1293 425 stipatumque
1331 355 1390 403 de
1437 372 1591 416 mole,

187 424 572 473 cons‘entientes
561 445 609 472 1n
630 444 782 472 unum
810 424 1105 472 reduxerunt
1137 425 1198 471 ad
1229 422 1398 486 callia,
1439 423 1594 472 testati

189 511 325 541 more
354 495 551 541 militiae
576 496 766 554 lovem,
799 495 1034 541 invictum
1061 494 1356 557 Procopium
1385 494 1504 540 fore.

152 577 171 603 1
292 563 437 611 VIII.
479 563 609 610 Huic
634 563 958 627 perduellium
985 562 1286 627 prosperitati
1316 562 1488 609 laetior
1522 578 1598 608 ac-

190 629 338 678 ceffit.
410 632 680 679 Rumitalca
703 634 831 679 enim
854 634 1076 679 tribunus
1098 632 1147 678 in
1170 631 1446 678 societatem
1483 629 1599 676 Pro-

192 701 514 764 copianorum
549 700 781 761 adscitus,
825 715 872 747 et
902 700 1120 764 suscepta
1153 720 1266 748 cura
1303 699 1492 764 palatii,
1529 697 1602 745 di-

195 769 322 832 gesto
354 784 539 816 mature
561 769 790 830 comisto,
840 770 1166 835 permistoque
1198 788 1309 815 cum
1342 768 1600 828 militibus,

193 838 316 884 mari
337 837 398 884 ad
421 840 702 902 Drepanum
730 853 892 900 antea,
925 857 1052 884 nunc
1079 838 1426 901 Helenopolim
1450 836 1600 896 venit,

152 906 468 970 :zexindeque
512 907 739 953 Nicaeam
789 906 871 969 spe
913 907 1115 953 celerius
1158 905 1429 970 occupavit.
1519 903 1605 951 Ad

196 994 341 1038 quam
366 974 679 1021 obsidendam
699 993 812 1021 cum
836 974 1119 1021 huiusmodi
1143 993 1411 1038 pugnarum
1438 971 1605 1036 peritis

197 1043 500 1088 Vadomario
535 1041 673 1087 miss'o
705 1060 761 1092 ex
802 1041 924 1089 duce
965 1056 1012 1089 et
1049 1061 1158 1106 rege
1201 1043 1604 1102 Alamannorum,

197 1111 380 1157 Valens
422 1110 766 1162 Nicomediam
810 1111 980 1176 pergit.⁷
1059 1113 1092 1176 ¹)
1128 1111 1410 1174 Exindeque
1449 1110 1606 1175 profe-

199 1193 328 1238 ctus,
380 1179 733 1246 oppugnationi
767 1179 1092 1227 Chalcedonis
1120 1180 1305 1243 magnis
1332 1179 1516 1229 viribus
1536 1179 1609 1224 in-

199 1246 414 1294 liliebat:
460 1249 597 1294 cuius
629 1267 653 1299 e
686 1251 834 1298 muris
870 1250 1046 1312 probra
1074 1250 1123 1295 in
1154 1252 1263 1296 euin
1290 1248 1610 1305 iaciebantur,

204 1330 250 1363 et
279 1317 509 1364 iniuriole
542 1310 927 1383 compellabatur
951 1332 1005 1364 ut
1036 1318 1327 1365 Sabaiaiius.
1413 1316 1493 1363 Est
1531 1335 1612 1363 au-

202 1398 299 1433 tem
323 1384 479 1433 labaia
508 1405 563 1434 ex
583 1387 735 1434 ordeo
767 1388 840 1434 vel
870 1388 1113 1435 frumento
1143 1387 1191 1432 in
1221 1386 1474 1452 liquorem
1495 1402 1612 1432 con-

156 1458 185 1500 5
206 1454 348 1501 verlis
382 1455 697 1530 pauPertinus
727 1456 777 1502 in
810 1456 1005 1521 Illyrico
1041 1470 1200 1520 potus.
1285 1453 1445 1502 Fess'us
1477 1451 1613 1500 deni-

206 1542 300 1586 qne
324 1524 489 1587 inopla
514 1539 902 1586 commeatuum,
940 1538 987 1572 et
1010 1524 1330 1571 obstinatione
1360 1523 1507 1570 nimia
1533 1521 1616 1569 de·-

203 1592 478 1654 fensprum,
510 1593 803 1641 discedere
792 1613 887 1640 lam
922 1594 1152 1656 parabat:
1191 1611 1302 1642 cum
1335 1590 1462 1639 inter
1491 1590 1616 1641 haec

203 1660 350 1706 clausi
370 1662 499 1726 apud
517 1663 766 1720 Nicaeam,
803 1661 1051 1727 patefactis
1073 1661 1234 1708 subito
1255 1660 1408 1725 portis
1428 1657 1617 1725 egresfi,

205 1731 507 1777 munitorum
537 1750 705 1796 magna
737 1746 873 1796 palte
906 1731 1164 1795 plostrata,
1214 1728 1418 1777 ductoie
1459 1727 1618 1775 fiden-

208 1796 389 1844 tisfimo
424 1801 695 1847 Rumitalca
731 1800 1061 1867 propeiabant
1100 1798 1349 1858 aidenter‚
1411 1797 1618 1845 circum-

206 1866 398 1911 xentuii
417 1868 675 1914 Valentem
698 1888 722 1915 a
742 1883 906 1932 tergo,
956 1867 1177 1915 nondum
1213 1887 1237 1915 a
1274 1866 1618 1915 Chalcedonos

204 1931 485 1981 suburbano
519 1935 805 1999 digiess'um
852 1951 899 1983 et
932 1935 1188 1999 patiaffent
1217 1948 1414 2010 conata,
1462 1933 1512 1979 ni
1541 1951 1618 1979 ru-

207 2019 344 2049 more
368 1971 599 2067 quodam*
606 2003 893 2066 praeveiso
884 2003 1141 2049 1mminens
1171 2002 1368 2048 exitium
1395 2002 1477 2050 ille
1511 2019 1618 2065 pei«

210 2069 409 2132 doctuS‚
441 2071 694 2120 instantem
726 2071 932 2133 vestigiis
956 2070 1144 2118 hostem
1167 2087 1254 2135 per
1277 2069 1618 2119 Sunonenlem

207 2138 369 2186 lacum
391 2154 437 2186 et
456 2140 670 2186 fluminis
705 2140 835 2186 Galli
868 2138 1083 2186 [inuolos
1116 2139 1376 2185 amfiactus
1404 2156 1617 2204 propere

211 2205 510 2272 discedendo
532 2209 699 2257 frustra
724 2206 1004 2272 sequentem
1024 2206 1213 2254 lufiss'et.
1286 2207 1348 2254 Et
1380 2204 1478 2256 lioc
1506 2206 1619 2256 casu

215 2276 437 2341 Bithynia
464 2295 662 2343 quoque
684 2280 734 2324 in
765 2276 997 2341 Procopii
1026 2275 1264 2324 ditionem
1285 2274 1478 2323 redacta
1503 2276 1584 2324 est.

161 2352 191 2407 4
319 2344 458 2393 Unde
483 2365 596 2393 cum
629 2345 872 2405 Ancyram
902 2346 1083 2393 Valens
1113 2345 1222 2392 citis
1251 2344 1508 2392 itineribus
1548 2361 1621 2391 ie-

212 2412 448 2475 vertiffet‚
500 2401 905 2483 comperill'etque
955 2414 1252 2478 Lupicinum
1308 2413 1368 2459 ab
1415 2412 1620 2461 Oriente

209 2500 322 2531 cum
344 2484 549 2531 catervis
573 2480 835 2532 adventaie
861 2501 959 2531 non
982 2480 1377 2530 contemnendis:
1407 2480 1490 2546 spe
1510 2499 1621 2545 pio-

208 2549 463 2614 speroium
487 2553 719 2612 erectior,
751 2549 1076 2601 Aiinthaeum
1101 2549 1408 2599 lectisfimum
1445 2548 1620 2597 ducem

157 2626 188 2671 5
213 2619 528 2683 occursurum
560 2589 780 2670 hostilius
818 2621 960 2672 mifit.
1045 2620 1147 2680 Qui
1177 2619 1264 2667 ubi
1296 2618 1621 2668 Dadastanam

264 2784 299 2828 x]
329 2784 378 2819 al.
408 2784 560 2830 Exinde.
