1727 3144
263 138 697 170 CONSTANTIUS
731 138 807 168 ET
840 137 1157 168 IULIANUS.
1232 125 1346 184 559.
1426 125 1519 171 155

107 246 330 312 visosque
371 248 597 299 cadentes
630 248 849 309 >mul-tos,
906 246 1127 311 aliosque
1173 244 1516 311 supplicantes,

105 335 216 363 cum
241 333 437 365 ventum
461 317 619 365 fuiffet
639 318 702 364 ad
725 317 974 382 regionem
1011 316 1092 363 cui
1129 317 1410 380 Capellatii,
1441 320 1517 366 vel

104 385 242 433 Palas
263 405 442 434 nomeu
465 387 557 445 eft,
588 388 673 433 ubi
696 387 975 434 terminales
995 384 1184 449 lapides
1214 386 1266 450 ¹¹)
1288 386 1516 432 Alaman-

104 473 280 501 norum
304 471 350 503 et
375 458 433 522 ¹²)
463 455 863 521 Burgundiorum
893 455 1106 504 confinia
1139 454 1514 517 distinguebant,

102 524 251 571 castra
276 525 386 572 l'unt
420 526 594 590 polita:
635 545 688 573 ea
721 539 948 590 propter,
992 537 1046 570 ut
1075 524 1126 589 ¹³)
1158 523 1515 585 Macrianuset

100 591 451 642 Hatiobaudus
477 595 695 673 geimani.
699 593 842 641 frati
845 613 895 642 es
925 608 972 642 et
999 611 1160 658 reges,
1215 593 1516 657 susciperen-

99 674 179 708 tur
207 663 471 728 impavidi,
518 665 602 729 qui
632 661 965 741 propinquare
995 662 1085 709 fibi
1098 662 1388 740 pemiciem
1408 661 1513 709 sen-

96 731 298 794 tientes,
349 747 587 780 venerant
630 750 798 797 pacem
840 733 993 779 anxiis
1034 731 1205 779 animis
1251 732 1510 808 precatui-i.

95 799 210 846 Post
253 819 376 865 quos
409 802 566 848 statim
616 819 700 848 rex
750 818 949 866 quoque
990 800 1322 849 Vadommius
1362 801 1579 859 venit,16

94 868 233 915 cuius
255 884 357 918 erat
382 870 690 918 domicilium
718 885 888 918 contra
914 871 1185 917 Rauracos:
1219 869 1511 934 scriptisque

97 937 364 986 Constantii
394 940 659 1004 principis,
711 941 894 1004 quibus
935 938 1309 988 commendatus
1341 939 1407 986 est
1439 958 1510 986 ar-

97 1006 216 1064 tius,
246 1009 488 1073 allegatis,
519 1012 578 1075 ¹⁴)
601 1009 777 1057 leniter
796 1009 1046 1075 susceptus
1076 1009 1166 1070 est,
1200 1022 1255 1055 ut
1286 1007 1511 1066 decebat,

93 1075 213 1122 olim
245 1078 306 1123 ab
343 1079 565 1143 Augusto
605 1079 655 1125 in
692 1079 972 1127 clientelam
1008 1078 1078 1126 rei
1127 1078 1375 1125 Romanae
1413 1076 1510 1124 sus-

91 1159 278 1209 ceptus.
373 1147 438 1194 Et
478 1147 757 1195 Macrianus
796 1147 999 1212 quidem
1034 1165 1153 1195 cum
1193 1147 1348 1193 fratre
1382 1146 1577 1214 inter17

92 1215 276 1276 aquilas
297 1215 523 1264 admissus
546 1231 594 1264 et
611 1217 758 1280 ligna,
795 1218 1018 1280 stupebat
1040 1232 1289 1262 armorum
1311 1214 1510 1260 virium-

92 1299 186 1344 que
217 1286 405 1330 varium
439 1283 615 1344 decus,
656 1284 752 1330 visa
777 1298 890 1330 tuuc
914 1284 1164 1346 primitus,
1203 1300 1392 1347 proque
1412 1281 1508 1330 suis

94 1353 280 1398 orabat.
352 1353 686 1399 Vadomarius
713 1369 828 1398 vero
855 1352 1027 1397 uostris
1056 1351 1291 1410 coalitus,
1334 1366 1507 1415 utpote

95 1420 281 1467 vicinus
309 1421 483 1482 limiti,
527 1420 795 1467 mirabatur
837 1419 1040 1484 quidem
1082 1419 1370 1484 adparatum
1404 1439 1509 1467 ‘am-

91 1488 256 1536 bitiosi
287 1490 595 1554 procinctus,
632 1488 718 1535 sed
747 1489 915 1535 vidiss'e
955 1488 1002 1536 sc
1034 1489 1146 1534 talia
1178 1489 1229 1552 ¹⁵)
1256 1488 1397 1552 saepe
1444 1491 1504 1537 ab

93 1556 420 1606 adulescentia
446 1558 735 1605 meminerat
774 1557 947 1620 prima.
1034 1556 1249 1603 Libratis
1291 1557 1504 1622 denique
1523 1566 1572 1608 18

93 1627 179 1673 diu
200 1627 437 1688 conliliis,
473 1625 711 1674 concordi
731 1624 1012 1672 adsenfione
1040 1639 1360 1686 cunctorum,
1406 1627 1507 1673 Ma-

90 1696 259 1744 criano
303 1695 504 1761 quidem
552 1709 600 1742 et
640 1693 963 1741 Hariobaudo
1004 1712 1095 1758 pax
1139 1694 1205 1740 est
1245 1695 1503 1742 attributa:

88 1764 392 1812 Vadomario
416 1783 560 1825 vero,
597 1764 680 1828 qui
703 1763 835 1828 suain
860 1764 1107 1810 locaturus
1125 1762 1431 1811 securitatem
1453 1765 1503 1811 in

89 1847 223 1894 tute,
285 1848 334 1881 et
367 1833 626 1896 legationis
664 1833 865 1879 nomine
908 1847 1133 1896 precator
1177 1848 1375 1880 venerat
1412 1852 1504 1897 pro

89 1901 146 1967 ²⁵)
170 1903 318 1965 Urio,
351 1915 398 1951 et
423 1903 668 1964 Urlicino,
705 1916 752 1949 et
782 1901 1036 1966 Vestralpo
1067 1902 1291 1966 regibus,
1332 1920 1504 1966 pacem

89 1971 264 2020 itidem
295 1972 576 2030 obsecrans,
626 1972 822 2018 interim
858 1970 1142 2034 responderi
1172 1988 1270 2017 non
1294 1986 1501 2035 poterat,

90 2059 177 2101 ne,
210 2055 264 2088 ut
282 2041 391 2089 sunt
410 2041 629 2089 fluxioris
651 2040 768 2089 fidei
802 2040 1022 2100 barbari,
1069 2040 1175 2104 post
1211 2041 1396 2086 abitum
1434 2059 1502 2088 rc-

90 2111 236 2157 creati
282 2110 582 2172 nostrorum,
637 2129 808 2175 parum
850 2108 1220 2174 adquiescerent
1265 2127 1351 2174 per
1382 2110 1502 2156 alios

88 2179 377 2243 impetratis.
450 2179 549 2226 Sed
568 2198 680 2226 cum
704 2178 791 2243 ipsi
816 2197 1014 2243 quoque
1035 2177 1180 2226 miffis
1203 2179 1373 2240 legatis
1397 2178 1501 2241 post
1520 2200 1569 2241 19

88 2247 258 2294 mcsses
286 2246 500 2296 incensas
531 2262 578 2294 et
610 2248 909 2308 habitacula,
956 2261 1228 2311 captosque
1260 2248 1421 2310 plures
1455 2261 1503 2293 et

85 2315 398 2378 iutcifcctos,
452 2316 516 2363 ita
560 2316 910 2385 supplicarent,
963 2331 1212 2380 tamquam
1250 2314 1338 2379 ipli
1380 2315 1500 2362 haec

88 2383 430 2449 deliquiss'ent
419 2405 467 2433 in
502 2383 714 2448 nostros,
760 2405 928 2450 pacem
961 2386 1304 2433 conditionum
1338 2383 1502 2429 limili-

89 2454 259 2502 tudine
313 2469 612 2503 ιιιοιιιειιιιιῑ.
704 2456 841 2503 Inter
882 2474 997 2520 quas
1039 2455 1092 2500 id
1125 2453 1400 2500 festinatum
1435 2452 1502 2500 est

137 2665 194 2707 ιι)
225 2661 293 2697 Ms.
328 2663 587 2698 Romanorum.
655 2666 709 2706 ιη)
746 2665 839 2702 Pura
825 2677 904 2697 un
908 2663 1038 2698 lorum
1105 2663 1161 2707 13)
1199 2660 1267 2694 ΜΓ.
1298 2661 1496 2695 xlm-rium.

91 2710 153 2749 14}
193 2708 262 2742 ΜΓ.
300 2707 483 2762 susceptus
521 2710 570 2746 est
600 2709 742 2744 ‹lv-:luat
767 2693 867 2744 oliin.
929 2713 986 2756 15)
1016 2709 1061 2745 τέ
1088 2706 1498 2755 ‹1fM·1.d‹-‹st.m)

88 2755 211 2801 Steph.
235 2756 358 2790 Vazio.
