1727 3144
545 155 932 187 ruti-auus.
1014 141 1128 186 555.
1434 145 1530 205 575

122 265 271 314 citam
297 264 673 332 suspensamque
709 265 924 330 quietem
949 263 1213 329 paullisper
1241 282 1528 331 protractus,

119 353 235 382 cum
255 334 424 383 somno
445 337 521 400 (ut
547 334 754 399 solebat)
784 332 1014 399 depulso,
1061 332 1124 380 ad
1155 336 1529 385 aemulationem

122 402 336 452 Caesaris
360 404 477 452 Iulii
497 403 735 469 quaedam
758 402 846 451 sub
870 402 1077 468 pellibus
1101 404 1137 468 ³)
1166 401 1407 463 scribens,
1445 408 1529 452 ob-

120 472 262 521 scuro
294 475 454 524 noctis
485 473 741 521 altitudine
777 475 817 538 ⁴)
843 471 1003 520 sentus
1034 471 1289 520 cuiusdam
1317 473 1531 536 philoso-

72 555 79 560 “
119 541 208 606 phi
248 557 522 604 teneretur,
585 541 711 590 vidit
750 540 1041 607 squalidius,
1090 555 1145 588 ut
1187 541 1426 590 confeffus
1467 543 1531 590 est

117 612 380 674 proximis,
413 611 625 677 speciem
645 612 780 659 illam
801 610 948 659 Genii
968 611 1181 676 publici,
1214 630 1384 677 quam,
1418 629 1530 658 cum

116 679 181 726 ad
198 681 470 745 Augustum
490 679 705 744 surgeret
723 680 917 727 culmen
932 716 947 738 ‚
981 679 1235 744 conspexit
1257 681 1308 727 in
1339 679 1530 740 Galliis,

116 749 152 813 ⁵)
174 750 332 796 velata
364 768 477 796 cum
509 748 669 811 capite
696 748 1009 813 Cornucopia
1040 767 1128 812 per
1157 749 1320 797 aulaea
1347 748 1525 796 tristius

115 816 465 864 discedentem.
537 816 600 863 Et
623 833 918 881 quamquam
946 816 1009 864 ad
1039 832 1348 865 momentum
1378 816 1528 865 haesit
1546 819 1574 874 4

113 885 307 950 stupore
332 885 542 947 defixus,
576 885 712 932 omni
737 900 900 933 tamen
920 884 1144 949 superior
1165 901 1326 947 metu,
1360 901 1526 934 ventu„

111 973 165 1001 ra
217 954 424 1015 decretis
465 954 750 1003 caelestibus
794 953 1198 1003 commendabat:
1252 956 1524 1020 relictoque

111 1023 252 1072 humi
267 1024 413 1073 strato
433 1024 612 1086 cubili,
643 1023 806 1071 adulta
828 1023 925 1070 iam
948 1023 1130 1072 excitus
1153 1038 1323 1085 nocte,
1365 1037 1414 1072 et
1435 1043 1524 1071 nu-

110 1093 328 1141 minibus
347 1112 432 1159 per
461 1093 591 1140 sacra
622 1090 899 1157 depulsoria
927 1092 1226 1156 supplicans,
1266 1093 1524 1156 flagrantis-

107 1159 277 1211 fimam‘
299 1164 457 1211 facem
475 1162 670 1209 cadenti
689 1160 894 1208 fimilem
917 1161 1066 1210 visam
1082 1199 1094 1222 ,
1129 1161 1252 1209 aeris
1272 1176 1404 1226 parte
1428 1159 1522 1208 sul-

106 1244 212 1278 cata
236 1231 475 1279 evanuisse
495 1230 805 1278 existimavit:
852 1230 1158 1295 horroreque
1189 1229 1408 1294 perfusus
1438 1231 1518 1287 est,

107 1317 168 1347 ne
191 1299 256 1346 ita
282 1315 447 1365 aperte
477 1299 640 1347 minax
658 1299 831 1347 Martis
854 1298 1132 1364 adparuerit
1151 1298 1296 1345 lidus.

199 1368 318 1416 Erat
338 1370 470 1417 enim
489 1368 621 1416 nitor
640 1363 810 1433 igneus
830 1368 912 1416 isse
930 1405 941 1427 ,
973 1386 1119 1433 quem
1143 1360 1408 1420 Σιαΐσσοντοι
1428 1386 1517 1416 nos
1535 1380 1564 1424 5

107 1434 436 1502 adpellamus,
480 1455 571 1485 nec
601 1437 780 1485 cadens
811 1455 1046 1501 umquam
1076 1454 1165 1485 nec
1198 1451 1376 1485 terram
1405 1454 1521 1485 con-

105 1505 315 1570 tingens.
399 1509 623 1571 Corpora
663 1506 793 1553 enim
829 1506 916 1570 qui
951 1504 1110 1553 credit
1148 1507 1349 1554 caelitus
1386 1506 1518 1572 pofl'e

104 1573 232 1637 labi,
276 1576 513 1640 profanus
545 1575 722 1622 merito
754 1573 999 1620 iudicatur
1042 1587 1091 1620 et
1132 1572 1348 1622 dernens-
1441 1575 1521 1622 Fit

105 1658 268 1692 autem
311 1644 394 1692 hic
423 1643 618 1691 habitus
649 1641 812 1690 modis
845 1642 1212 1706 compluribus,
1264 1661 1290 1690 e
1339 1643 1517 1708 quibus

102 1711 309 1761 sufficiet
324 1730 477 1777 pauca
504 1712 783 1760 monstrare.
854 1712 1101 1759 Scintillas
1124 1710 1326 1776 quidam
1346 1726 1516 1776 putant
1537 1716 1564 1757 G

104 1783 166 1827 ab
198 1782 419 1830 aetherio
447 1779 676 1829 cadentes
702 1781 896 1844 vigore,
943 1798 1215 1845 parumque
1244 1781 1516 1845 porrectius

105 1850 307 1898 tendere
338 1849 631 1898 sufficientes
666 1849 928 1914 exstingui:
982 1851 1060 1897 vel
1095 1863 1226 1896 certe
1264 1848 1514 1896 radiorum

102 1921 322 1967 flammas
369 1919 573 1966 iniectas
625 1919 841 1966 nubibus
892 1917 1048 1966 denlis
1106 1918 1207 1966 acri
1255 1917 1515 1966 scintillare

101 1986 142 2053 ⁶)
168 2002 420 2037 contactu:
449 2002 531 2035 aut
552 2006 666 2035 cum
682 1988 850 2035 lumen
868 1986 1070 2051 aliquod
1088 1985 1358 2034 cohaeserit
1378 1987 1512 2033 nubi.

103 2056 166 2104 Id
187 2058 316 2106 euim
340 2058 391 2104 in
414 2057 572 2105 stellae
590 2055 804 2122 speciem
834 2059 1094 2121 figuratum
1105 2092 1122 2114 ,
1169 2056 1382 2103 decurrit
1411 2056 1516 2119 qui-

101 2125 216 2175 dem
231 2163 243 2186 ,
280 2125 398 2174 dum
422 2126 608 2174 viribus
627 2125 819 2190 ignium
838 2124 1157 2174 sustentatur:
1193 2121 1515 2188 amplitudine

103 2213 219 2243 vero
244 2194 510 2259 spatiorum
530 2194 853 2256 exinanitum,
887 2195 938 2242 in
961 2194 1146 2243 aerium
1178 2192 1380 2240 solvitur
1409 2209 1513 2238 cor-

103 2282 194 2328 pus
214 2302 226 2324 ,
263 2263 323 2310 ad
342 2262 652 2311 substantiam
676 2263 911 2328 migrans,
945 2264 1083 2311 cuius
1114 2261 1277 2308 attritu
1300 2260 1511 2306 incaluit

103 2333 274 2380 nimio.¹

202 2401 469 2451 Confestim
491 2406 653 2464 itaque
677 2414 785 2448 ante
808 2399 930 2447 lucis
953 2398 1190 2463 primitias
1212 2393 1399 2442 Etrusci
1427 2395 1510 2442 ha·
1529 2417 1556 2459 7

104 2468 317 2536 ruspices
338 2469 578 2531 accerfiti,
610 2472 648 2534 ⁷)
673 2468 1010 2532 consultique,
1043 2465 1163 2531 quid
1189 2464 1294 2511 astri
1326 2463 1508 2528 specics

106 2540 421 2603 portenderet
441 2557 594 2600 nova,
630 2537 884 2586 vitandum
906 2535 997 2584 ess'e
1028 2533 1289 2582 cautissimc
1321 2533 1513 2598 respou-

149 2727 191 2769 ὅ)
221 2724 288 2759 Ms.
317 2725 487 2761 scribens.
542 2729 582 2772 4)
605 2725 673 2759 Ms.
703 2726 832 2760 [euius.
890 2724 934 2770 5)
955 2724 1005 2757 al.
1033 2721 1146 2759 velata
1173 2734 1255 2755 cum
1279 2725 1514 2771 cornucopia.

106 2772 147 2818 Ο)
178 2773 302 2818 Sceplc.
337 2784 537 2808 contractu.
590 2778 627 2820 7)
654 2772 722 2807 Ms.
750 2770 976 2818 consultique
1002 2768 1102 2817 quid.
1135 2768 1237 2815 quod
1259 2771 1397 2814 placet.
