1727 3144
0 2608 1 2673 ι

0 2782 2 2892 l

251 170 686 205 coNsTAN'rms
720 169 794 208 ΕΤ
829 167 1143 201 IULIANUS.
1217 159 1333 218 559.
1413 162 1507 208 165

192 281 307 331 Hoc
362 282 563 330 extracti
618 280 867 346 periculo,
923 297 1037 327 cum
1082 278 1143 327 ad
1193 281 1506 334 nemorosum
1529 278 1607 333 16'

92 351 360 417 quemdam
391 353 555 400 locum
586 351 739 398 vineis
772 348 1075 413 arbustisque
1106 351 1363 413 pomiferis
1391 352 1507 400 con-¹

90 421 261 482 fitum,
304 421 826 470 Meiacarire'nomine
867 418 1178 480 veuiffemus‚
1227 420 1308 467 cui
1343 421 1505 470 fontes

93 489 276 538 dedere
307 492 600 538 vocabulum
634 487 812 552 gelidi,
856 484 1000 550 lapfis
1033 489 1210 535 accolis
1244 492 1505 549 omnibus,

86 557 249 607 solum
278 560 329 606 iu
357 574 549 608 remoto
583 558 760 606 secess'u
789 558 1020 604 latentem
1060 558 1336 606 invenimus
1376 561 1505 606 mili-

89 641 217 675 tem:
263 629 350 693 qui
382 631 573 676 oblatus
608 627 747 688 duci,
797 640 844 673 et
877 626 1112 690 loquutus
1140 629 1270 674 varia
1302 647 1418 692 prae
1446 629 1508 676 tia·

87 714 256 757 more,
305 697 520 762 ideoque
549 696 822 761 suspectus,
861 695 1086 758 adigente
1116 711 1278 757 metu,
1317 699 1402 761 qui
1432 699 1517 745 in-.

84 766 394 830 tentabatur,
433 765 605 830 pandit
636 783 798 812 rerum
838 763 1075 828 integram
1112 766 1260 813 fidem
1284 784 1293 813 ε
1315 827 1317 829 ¹
1338 766 1506 815 docet-

87 852 212 898 que,
251 835 384 899 quod
416 835 548 900 apud
579 833 785 882 Parifios
811 846 947 880 natus
971 833 1021 880 in
1047 835 1221 881 Galliis
1240 873 1252 896 ,
1284 849 1330 883 et
1357 854 1504 901 eque-

85 903 169 950 stri
195 905 407 952 militans
438 919 620 966 turma,
673 903 946 951 vindictam
980 904 1229 967 quondam
1264 907 1503 954 commiffi

85 973 319 1020 facinoris
338 975 539 1035 timens,
572 973 632 1020 ad
663 973 830 1022 Persas
853 972 1040 1020 abierat
1068 975 1334 1039 profugusf,
1369 976 1506 1022 exin—

86 1040 248 1105 deque
290 1061 482 1090 morum
530 1044 774 1107 probitate
812 1042 1024 1106 spectata
1066 1042 1235 1090 sortita
1276 1045 1504 1108 coniuge,

83 1110 354 1177 liberisque
392 1111 652 1177 susceptis,
716 1111 1072 1177 speculatorem
1113 1112 1161 1160 se
1204 1113 1394 1159 miffiun
1442 1114 1506 1160 ad

85 1180 268 1240 nostra,
306 1180 442 1245 saepe
462 1201 603 1229 veros
626 1183 859 1229 nuutios·-
862 1181 1126 1245 epoitaffe.
1199 1182 1268 1228 At
1297 1201 1425 1228 nunc
1455 1181 1504 1230 se

85 1218 524 1314 ¹⁴)a'31amsap01e
555 1264 602 1297 et
633 1251 906 1297 Nohodare
942 1251 1261 1312 optimatibus
1293 1250 1506 1312 missiim,

85 1317 175 1380 qui
197 1332 408 1365 catervas
431 1318 747 1366 ductaverant
771 1317 1140 1381 praedatorum,
1179 1317 1241 1364 ad
1270 1337 1350 1366 eos
1375 1320 1504 1366 redi-

87 1403 169 1446 le,
216 1405 337 1451 quae
368 1386 629 1448 didicerat,
679 1389 992 1451 peri-itur.um
1077 1385 1189 1433 Post
1226 1387 1375 1445 haec,
1418 1389 1501 1436 ad-

85 1453 228 1502 iectis
256 1474 379 1520 quae
400 1458 476 1520 agi
498 1457 549 1503 in
573 1470 709 1520 parte
734 1455 917 1503 diversa
944 1469 1105 1515 norat,
1146 1457 1404 1503 occiditur.

185 1523 401 1572 Proinde
432 1543 658 1572 curarum
692 1524 936 1571 crescente
974 1523 1335 1585 sollicitudine,
1382 1522 1498 1573 inde
1519 1537 1570 1579 17

84 1592 297 1657 passibus
317 1595 424 1640 citis
448 1593 681 1640 Amidam
703 1611 793 1656 pro
818 1593 1050 1653 temporis
1077 1593 1222 1655 copia
1259 1595 1498 1656 venimus,
1534 1611 1537 1615 ’

85 1662 334 1709 civitatem
365 1662 528 1726 postea
555 1660 771 1725 sequutis
802 1660 1024 1707 cladibus
1057 1659 1300 1726 inclytam
1384 1662 1502 1718 Quo

87 1729 286 1778 reverfis
320 1731 709 1795 exploratoribus
741 1729 937 1790 nolitis,
983 1729 1031 1776 in
1067 1731 1266 1794 vaginae
1297 1731 1502 1779 internis

85 1813 315 1846 notarum
345 1801 514 1864 figuris
558 1800 894 1847 membranam
941 1800 1208 1863 reperimus
1253 1798 1501 1864 scriptam,

86 1885 113 1914 a
134 1867 382 1932 Procopio
402 1869 465 1916 ad
486 1888 573 1917 nos
600 1870 801 1934 perferri
835 1870 887 1935 ¹⁵)
917 1868 1220 1929 mandatam,
1259 1887 1404 1932 quem
1437 1871 1505 1917 le-

85 1951 251 2000 gatum
274 1939 335 1984 ad
358 1938 518 1986 Persas
542 1953 679 1986 antea
699 1937 889 1984 miss'um
917 1955 1031 1984 cum
1059 1939 1239 1985 comite
1271 1938 1504 1987 Lucillia-

87 2023 154 2052 no
191 2007 439 2070 praedixi:
483 2008 606 2056 haec
637 2007 859 2055 consulto
891 2006 1143 2053 obscurius
1178 2006 1498 2070 indicantem,

87 2090 150 2122 ne
179 2077 333 2140 captis
366 2077 568 2134 baiulis,
614 2076 849 2141 sensuque
895 2076 1147 2123 intellecto
1186 2075 1498 2140 scriptorum,

88 2145 378 2192 excitaretur
396 2147 601 2202 ¹materia
623 2145 929 2193 funestissima
948 2164 957 2192 :
1004 2147 1308 2193 Amanclatz's
1322 2149 1508 2208 procul
1520 2145 1572 2201 18

93 2213 364 2260 Graiorum
384 2216 582 2277 legalia,
597 2218 813 2276 fotsttan
830 2224 876 2261 et
894 2217 1151 2272 necandis,
1183 2233 1272 2260 rex
1304 2218 1501 2276 longae-

86 2298 175 2329 vas
206 2300 304 2329 non
334 2292 579 2330 contentus
607 2289 944 2348 Hellesponto,
1004 2287 1175 2330 iunctis
1210 2286 1418 2329 Granici
1456 2290 1504 2330 et

92 2348 150 2410 ¹⁶)
183 2355 414 2414 Rynslczci
430 2355 684 2416 pontibcca,
715 2358 887 2416 Asiam
920 2371 1028 2400 cam
1057 2357 1322 2411 numerosis
1343 2370 1503 2414 popu-

86 2421 253 2484 Iisper
260 2426 458 2485 vastatus
481 2425 734 2480 adveniet,
751 2427 929 2486 stmpte
950 2424 1146 2484 ingenio
1173 2421 1426 2466 irrilabilis
1456 2429 1504 2467 et

93 2493 286 2554 asperr'
268 2509 418 2554 lmus,
458 2502 655 2539 (anctore
682 2502 727 2538 et
766 2496 1010 2554 incensine
1049 2491 1315 2538 Hadriani
1358 2507 1504 2553 quon-

770 2561 872 2607 L2

94 2788 123 2829 B
144 2745 205 2826 143
241 2747 309 2783 ΜΓ.
343 2760 365 2782 a
398 2758 471 2784 tam
507 2745 643 2795 sapore
709 2747 772 2793 15)
801 2742 865 2779 ΜΓ.
901 2741 1066 2777 mandata
1094 2751 1286 2787 tamquam.
1343 2741 1402 2787 16)
1428 2738 1494 2774 Ms-

129 2805 171 2826 an
202 2805 269 2830 ask,
