1727 3144
230 159 498 215 vanENT.
535 184 676 217 VAL.
708 186 782 217 ET
821 187 1124 219 GRATIAN.
1196 176 1311 233 371.
1409 177 1504 226 551

97 288 230 353 quod
266 293 459 340 accolae
496 294 704 343 ferentes
746 295 976 359 indigne,
1030 295 1201 361 suique
1245 301 1502 363 cautiores,

92 357 336 421 legatione
367 376 506 410 tenus
539 364 732 411 interim
763 379 810 412 et
837 365 1038 415 susurris
1068 367 1312 414 arcebant.
1400 371 1547 425 Sed3

94 425 390 478 Maximinus
411 433 460 478 in
485 450 629 481 omne
651 433 818 481 avidus
838 435 1000 495 nefas,
1033 447 1081 482 et
1106 436 1343 499 genuinos
1374 439 1501 484 miti-

95 513 207 559 gare
229 500 461 563 nequiens
484 503 623 549 ssatus
638 539 650 561 ‚
690 504 867 568 quibus
890 504 1220 568 praefecturae
1247 505 1501 553 access'erat

92 577 282 628 tumor,
313 569 976 636 increpabatEquitiumpei·
1009 572 1259 638 Illyricum
1293 591 1352 621 eo
1383 587 1500 622 tem-

92 651 212 697 pore
256 638 533 701 magistrum
566 658 840 700 armorum,
893 655 944 688 ut
978 641 1278 704 pervicacem
1307 656 1355 690 et
1385 642 1504 690 desi·-

91 701 228 764 dem,
260 707 469 755 necdum
492 725 665 771 opere,
700 708 835 771 quod
857 709 1086 755 maturari
1111 709 1395 774 dispositum
1418 712 1500 772 est,

89 772 453 822 consummato:
502 775 811 839 addebatque
846 789 900 821 ut
927 777 1182 824 consulens
1214 778 1262 823 in
1282 797 1500 826 commu-

89 858 177 898 ne,
214 837 375 904 qudd,
417 841 452 887 fi
473 861 620 905 parvo
648 842 734 899 suo
764 844 1079 892 Marcelliano
1110 845 1379 894 deferretur
1411 866 1501 912 po-

89 909 228 956 testas
250 925 336 973 per
359 910 602 959 Valeriam
628 911 783 975 ducis,
821 914 1177 962 munimentum
1195 916 1379 980 absque
1402 917 1499 965 ulla

88 977 362 1026 causatione
384 979 710 1044 consurgeret.
798 981 1071 1048 Utrumque
1106 1001 1218 1030 mox
1250 984 1315 1032 est
1347 985 1499 1050 impe-

88 1061 283 1096 tratum.
358 1048 456 1103 Qui
488 1065 742 1113 promotus
779 1051 1126 1116 profectusque
1157 1071 1269 1100 cum
1298 1054 1543 1115 veniss'et4

86 1115 147 1164 ad
171 1117 306 1174 loca,
335 1117 668 1181 intempestive
691 1134 887 1183 turgens
912 1134 965 1166 ut
990 1122 1147 1181 filius,
1187 1122 1331 1168 nullis
1364 1123 1495 1171 adfa-

85 1186 217 1249 tibus
243 1186 466 1234 delenitis
489 1187 574 1245 iis,
598 1207 722 1253 quos
742 1207 1009 1254 numquam
1030 1202 1239 1238 tentatae
1259 1190 1498 1255 cupidita·

87 1254 150 1304 tis
183 1257 413 1319 figmenta
454 1257 709 1319 regionum
749 1257 941 1304 l'uarum
984 1259 1225 1306 faciehant
1263 1274 1493 1322 extorres,

88 1343 212 1389 opus
254 1325 418 1388 paullo
458 1339 568 1372 ante
604 1325 891 1374 inchoatum
930 1327 1235 1391 adgreditur,
1296 1329 1494 1377 admiffa

89 1394 233 1457 copia
289 1392 493 1457 rogandi
553 1393 849 1458 suspensum.
941 1396 1168 1461 Denique
1226 1398 1542 1449 Gabinium5

90 1480 281 1527 regem,
318 1480 377 1509 ne
399 1462 519 1526 quid
540 1478 818 1520 novaretur,
856 1464 1069 1512 modeste
1102 1465 1407 1528 poscentem,
1445 1482 1499 1515 ut

91 1530 401 1591 adsensurus,
436 1530 734 1580 humanitate
765 1532 981 1579 timul-ata
1009 1552 1120 1580 cum
1152 1535 1256 1581 aliis
1289 1533 1350 1581 ad
1385 1553 1500 1583 cona

91 1602 276 1648 vivium
295 1602 603 1663 conrogavit:
638 1620 782 1666 quem
805 1602 1158 1663 digredientem
1179 1604 1283 1667 post
1316 1607 1497 1668 epulas,

90 1669 343 1735 hospitalis
369 1669 517 1715 officii
539 1668 787 1719 sanctitate
812 1671 990 1718 nefarie
1022 1673 1222 1734 violata,
1263 1673 1497 1720 trucidari
1546 1703 1549 1706 <

89 1740 314 1788 securum
342 1737 515 1786 effecit.
1258 1766 1261 1767 ⁷

189 1808 340 1856 Cuius
372 1806 441 1854 rei
473 1820 570 1854 tam
604 1807 779 1854 atrocis
811 1806 1138 1855 disseminatus
1167 1824 1334 1855 rumor
1364 1804 1497 1856 illico
1516 1811 1545 1859 6

40 1903 43 1907 ·
92 1895 180 1942 per
201 1873 412 1936 diversa,
447 1889 494 1923 et
518 1875 721 1939 Quados
746 1890 789 1923 et
814 1892 978 1941 gentes
1013 1876 1307 1928 circumlitas
1339 1877 1504 1924 effera«-

92 1947 190 1995 vit:
246 1945 469 2009 regisque
505 1948 674 1991 flentes
710 1946 985 2005 interitum,
1031 1947 1082 1991 in
1122 1963 1274 1990 unum
1305 1960 1501 1993 coactae

94 2014 267 2063 misere
308 2013 582 2060 vastatorias
623 2032 816 2060 manus:
871 2031 994 2078 quae
1033 2013 1315 2059 Danubium
1356 2023 1503 2061 trans-

96 2084 292 2149 greffae,
323 2101 434 2129 cum
459 2082 583 2128 nihil
606 2080 960 2145 exspectaretur
985 2082 1181 2141 hostile,
1216 2097 1503 2144 occupatam

94 2155 224 2202 circa
254 2150 450 2198 meffcm
482 2150 709 2213 agrestem
742 2151 940 2198 adortae
972 2151 1080 2208 sunt
1102 2151 1318 2213 plebem:
1353 2152 1503 2197 maio-

97 2239 246 2286 reque
271 2232 404 2284 parte
426 2232 670 2278 truncata,
715 2219 960 2284 quidquid
992 2218 1252 2282 superfuit,
1299 2217 1502 2266 domum

97 2309 211 2340 cum
234 2286 546 2336 multitudine
566 2287 686 2332 varii
709 2291 897 2351 pecoris
923 2288 1239 2336 abduxerunt.
1311 2287 1501 2334 Evenis-
1519 2297 1547 2343 7

99 2359 169 2409 set
202 2359 419 2424 profecto
453 2371 567 2402 tunc
605 2357 897 2420 inexpiabile
931 2357 1106 2415 scelus,
1149 2355 1503 2402 numerandum

98 2430 226 2477 inter
257 2424 515 2492 probrosas
547 2425 614 2471 rei
644 2424 888 2474 Romanae
921 2426 1126 2472 iacturas
1158 2425 1343 2487 (paullo
1374 2427 1504 2471 enim

104 2498 286 2558 abfuit,
323 2495 439 2559 quin
465 2494 559 2540 filia
587 2509 841 2557 caperetur
861 2493 1151 2552 Constantii,
1182 2493 1217 2556 ³)
1238 2494 1403 2538 cibum
1441 2494 1508 2539 l'u·

105 2585 240 2615 mens
271 2567 318 2612 in
351 2563 543 2630 publica
572 2563 710 2623 villa,
756 2583 898 2629 (Luam
930 2563 1174 2627 adpellant
1205 2561 1506 2623 Pistrensem,

815 2633 949 2678 L12

474 2707 700 2715 ..---.---

156 2795 197 2840 3)
224 2795 264 2827 In
293 2793 415 2840 chplc.
446 2791 534 2826 baec
561 2790 668 2824 vmba
697 2789 831 2824 ddunt„
