1727 3144
234 121 326 165 150
467 137 738 171 AMMIANI
768 138 1158 170 MARCELLINI
1194 139 1343 183 xviri,
1382 139 1425 169 2.

197 260 223 288 2
332 243 571 312 Seditque
598 246 796 296 tandem
823 249 974 295 multa
1008 242 1054 296 et
1101 249 1234 296 varia
1271 248 1527 313 cogitanti,
1579 246 1634 294 {d

236 317 448 372 tentare,
479 317 616 380 quod
648 318 766 364 utile
800 318 1029 381 probavit
1054 332 1266 366 eventus.
1348 313 1636 378 Hariobau}

237 380 349 433 dem
370 387 890 433 vacantem,tribunum
912 386 1030 433 fidei
1051 386 1448 452 fortitudinisque
1476 402 1638 449 notae',

236 452 373 500 nullo
394 453 620 513 conscio,
647 455 901 517 legationis
921 454 948 501 s
943 456 1080 519 pecie
1104 455 1166 502 ad
1187 456 1471 503 Hortarium
1491 455 1638 503 mise-³-

239 533 312 566 rat
334 539 497 586 regem
517 524 613 571 iam
638 538 886 587 pacatum,
933 539 987 571 ut
1022 524 1194 572 exinde
1229 527 1369 573 facile
1398 525 1460 572 ad
1491 525 1642 571 colli}

230 588 378 638 ‚mitia
408 594 677 656 progress'us
712 611 908 654 eorum,
950 595 997 639 in
1027 612 1149 659 quos
1171 609 1308 642 erant
1327 613 1470 642 arma·
1481 591 1643 658 proti-³*

244 675 335 704 nus
363 662 763 723 commovendas
786 661 944 709 scitari
976 663 1143 725 ponit,
1185 663 1306 729 quid
1339 664 1645 719 molinet-itur}

210 724 479 783 :Hermonis
503 731 745 779 barbarici
765 749 998 796 perquam
1027 750 1215 795 gnarus.
1296 736 1415 797 Quo
1439 731 1648 779 fidenter

147 788 150 801 ¹
250 794 312 841 ad
343 797 463 845 haec
497 800 731 863 patranda
763 799 1000 864 digrelso,
1036 800 1136 865 ipse
1171 803 1281 847 anni
1303 816 1523 865 tempore
1549 818 1641 864 op-

201 903 225 921 „
248 879 493 928 portuno,
542 869 603 916 ad
631 867 993 934 expeditionem
1011 869 1242 934 undique
1271 871 1424 917 milite
1454 866 1650 916 cenve—

249 948 360 981 cato
384 937 656 1001 profectus?
692 939 746 985 id
771 938 896 984 inter
915 938 1153 1002 potiffima
1175 954 1359 997 mature
1380 939 1652 998 duxitssim-⁴

251 1003 519 1066 plendum,
569 1021 622 1053 ut
660 1021 769 1054 ante
809 1009 1109 1069 proeliorum
1149 1009 1393 1056 fervorem
1433 1008 1651 1055 civitates

251 1073 409 1119 multo
434 1088 542 1120 ante
571 1074 747 1122 excisas
779 1075 1028 1135 introiret,
1075 1091 1389 1142 receptasque
1419 1093 1653 1130 commu*-

252 1139 379 1186 niret
398 1159 407 1189 ε
440 1142 615 1190 horrea
636 1142 904 1208 quinetiam
927 1143 1185 1191 exstrueret
1208 1164 1294 1208 pro
1316 1145 1536 1206 ineenlis,
1567 1144 1657 1191 ubi

254 1209 406 1257 condi
436 1211 591 1274 poffet
619 1230 835 1273 annona,
882 1231 907 1258 a
941 1212 1186 1259 Britannis
1221 1212 1351 1260 sueta
1390 1214 1656 1273 transferri.

218 1275 327 1327 4Et*
360 1292 623 1346 utrumque
664 1282 962 1346 perfectum,
1020 1279 1067 1329 et
1113 1282 1193 1345 l'pe
1236 1283 1457 1329 oninium
1498 1283 1655 1329 citius.

217 1343 221 1347 ’
259 1345 386 1393 Nam
408 1363 454 1395 et
474 1351 649 1398 horrea
670 1351 826 1399 veloci
849 1368 996 1415 opere
1021 1349 1351 1411 surrexerunt,
1394 1351 1660 1398 alimento-

257 1433 467 1481 ,rumque
489 1420 539 1467 in
561 1420 736 1468 iisdem
760 1420 898 1468 satias
918 1419 1140 1467 condita:
1175 1434 1222 1467 et
1252 1420 1470 1467 civitates
1504 1438 1662 1466 occu-

258 1499 400 1547 patae
419 1486 529 1534 sunt
552 1489 761 1553 septem:
797 1489 955 1538 Castra
983 1483 1235 1551 Herculis,
1273 1490 1308 1554 ¹)
1334 1488 1663 1546 'Quadribur—

261 1553 424 1617 gium,
469 1557 786 1618 Tricefimac,
826 1557 1117 1613 Novefium,
1154 1559 1351 1618 Bonna⁷
1394 1558 1663 1614 Antunna-

260 1639 402 1685 cum,
447 1638 494 1671 et
520 1626 727 1689 Bingio:
772 1626 858 1681 ubi
889 1626 1015 1672 laeto
1047 1625 1263 1689 quodam
1308 1641 1484 1674 eventu
1521 1627 1666 1675 etiam

261 1689 536 1741 Florentius
558 1695 828 1759 praefectus
852 1694 1075 1757 adparuit
1099 1693 1287 1755 subito,
1324 1709 1507 1759 partem
1529 1695 1669 1742 mili-

262 1771 368 1805 tum
419 1761 644 1824 ducens,·
677 1778 724 1811 et
773 1777 1133 1810 commeatuum
1180 1764 1429 1827 perferens
1473 1765 1667 1827 copiam

267 1825 585 1879 sufficientem
609 1833 771 1879 u‘libus
797 1832 971 1895 longis.
1201 1885 1206 1891 .
1590 1833 1593 1836 ’

230 1909 259 1954 5
370 1898 622 1949 Post-haec
644 1902 684 1968 ²)
705 1901 988 1965 impetrata,
1023 1901 1228 1948 restabat
1249 1898 1474 1963 adigente
1498 1899 1671 1947 neees-

270 1964 460 2015 litatum
483 1972 715 2030 articulo,
752 1984 1056 2033 receptarum
1081 1969 1278 2015 urbium
1306 1969 1497 2016 moenia
1522 1987 1674 2034 repa-

276 2035 396 2095 rari,
436 2040 573 2086 nullo
602 2040 745 2087 etiam
775 2052 875 2085 tum
912 2039 1293 2085 interturbante:
1339 2037 1489 2102 idque
1530 2038 1671 2085 claris

273 2102 467 2153 indiciis
509 2107 736 2172 adparet,
793 2125 847 2154 ea
894 2107 1172 2171 tempestate
1208 2105 1407 2153 utilitati
1449 2107 1674 2172 publicae

275 2187 410 2220 metu
437 2175 670 2224 barbaros
700 2175 940 2237 obediffe,
983 2176 1184 2223 rectoris
1217 2192 1381 2222 amore
1412 2176 1672 2222 Romanos.

238 2241 430 2304 6Reges
484 2263 540 2292 ex
581 2261 723 2309 pacto
764 2244 1027 2309 superioris
1072 2244 1185 2291 anni
1221 2244 1457 2291 aedificiis
1496 2244 1677 2291 habilia

276 2313 429 2360 multa
459 2312 554 2361 suis
583 2315 618 2379 ³)
644 2314 813 2363 misere
847 2314 1114 2378 carpentis:
1157 2327 1203 2361 et
1232 2313 1469 2360 auxiliarii
1499 2313 1677 2360 milites

276 2379 467 2446 semper
483 2383 647 2432 munia
668 2383 945 2450 spernentes
966 2382 1276 2442 huiusmodi,
1315 2381 1375 2427 ad
1395 2379 1678 2445 obsequen-

281 2449 332 2495 di
364 2452 671 2500 sedulitatem
706 2453 878 2501 Iuliani
911 2451 1162 2498 blanditiis
1196 2454 1237 2517 ⁴)
1274 2449 1480 2508 deflexi,
1527 2449 1680 2512 quin-

282 2523 951 2587 quagenariaslongioresque
972 2521 1194 2568 materias
1217 2537 1386 2568 vexere
1407 2518 1679 2566 cervicibus

334 2711 367 2753 ι)
395 2709 463 2743 ΜΓ.
495 2709 742 2755 Quadriburgi
773 2708 878 2742 unius
910 2704 1079 2740 Novesso.
1137 2704 1258 2750 Steplz.
1291 2701 1429 2755 Quadri
1457 2698 1684 2753 §trit-ensium

285 2754 416 2791 Noves.
468 2761 501 2796 2>
526 2758 575 2789 al.
610 2756 793 2802 imperata.
849 2755 890 2799 3)
913 2754 963 2786 ul.
995 2751 1130 2785 misere.
1185 2759 1228 2795 lg)
1257 2749 1323 2784 Ml.
1355 2748 1497 2783 defluxi.
