1727 3144
189 130 288 172 428
447 116 714 172 Anniam
749 141 1147 174 MARCELMNI
1179 136 1328 188 xxvi,
1374 143 1448 174 10.

188 250 396 298 horrore
415 250 661 299 incautum
689 250 887 299 adortus
911 250 1117 298 occidit:
1155 251 1292 300 cuius
1315 269 1446 299 mors
1479 249 1598 297 salu-

140 335 169 365 2
191 320 225 366 ti
257 319 477 384 plurimis
510 321 617 367 fuit.
699 319 827 368 Nam
857 317 895 366 [i
923 317 1158 369 victoriae
1193 319 1496 385 superfuill'et
1525 319 1609 385 in‘„

189 389 331 436 cultis
361 389 582 446 moribus
618 389 770 437 homo
800 403 848 436 et
885 389 1098 443 nocendi
1130 391 1390 438 acerbitate
1419 390 1600 436 confla-

192 476 357 521 grans,
393 458 692 522 Valentique
714 459 779 506 ob
799 457 1167 506 fimilitudinem
1187 477 1378 507 morum
1403 472 1449 505 et
1469 456 1599 521 geni-

190 527 294 573 talis
316 527 497 592 patriae
519 525 825 576 vicinitatem
854 540 1102 591 acceptus:
1139 528 1353 576 occultas
1381 527 1602 575 volunta-

190 610 260 642 tes
283 595 526 660 Principis
557 596 898 674 introspiciens
930 596 993 644 ad
1022 596 1362 645 crudelitatem
1393 611 1602 661 propen-

187 665 350 725 lim-,is
380 664 594 712 multas
582 665 974 730 1nnocentium¹)
997 665 1219 716 ediderat
1238 666 1431 730 stiages.

142 753 170 796 3
287 702 401 790 Qiio
430 734 723 796 interfecto,
752 733 884 782 idem
907 735 1169 782 Malcellus
1197 748 1432 800 occupata
1453 730 1603 781 οθὶειὶ

190 801 335 850 cmfu
371 802 719 864 Chalcedone,
777 802 1187 868 concrepantibus
1228 803 1426 868 paucis,
1478 817 1603 865 quos

189 871 347 918 vilitas
379 885 427 919 et
461 870 734 935 desperatio
781 872 1056 919 trudebat
1044 891 1096 918 m
1134 871 1317 933 scelus,
1374 871 1604 918 umbram

190 940 490 1003 principatus
520 940 698 986 funesti
730 939 928 1002 capessit
957 940 1148 1003 gemina
1173 941 1361 998 ratione
1379 940 1602 986 fallente:

191 1007 328 1071 quod
355 1022 402 1053 et
422 1007 708 1054 Gothorum
729 1007 822 1054 tria
842 1007 992 1053 millia
1011 1008 1205 1071 regibus
1227 1009 1326 1055 iam
1351 1007 1512 1056 lenitis
1542 1004 1604 1053 ad

191 1076 425 1121 auxilium
443 1089 580 1122 erant
600 1074 736 1122 miffa
762 1074 1028 1140 Procopio,
1063 1076 1452 1124 Constantianam
1474 1093 1610 1140 prae·

190 1143 412 1191 tendenti
467 1143 508 1208 ²)
540 1143 968 1207 necessitudinem,
1031 1163 1155 1210 quae
1213 1145 1276 1193 ad
1326 1144 1608 1193 societatem

190 1212 325 1259 suam
381 1231 529 1277 parva
581 1212 809 1260 mercede
859 1214 1050 1261 traduci
1103 1214 1233 1279 posse
1281 1213 1606 1262 existimabat:

193 1280 430 1346 quodque
453 1281 579 1346 gesta
601 1282 652 1327 in
676 1282 875 1348 Illyrico
897 1283 1042 1330 ctiam
1065 1298 1169 1331 tum
1193 1284 1426 1340 latebant.

148 1364 178 1418 4
298 1351 434 1398 Inter
467 1369 592 1414 quae
631 1365 731 1398 tam
778 1351 990 1415 trepida,
1044 1351 1459 1416 speculationibus
1495 1348 1608 1398 fidis

193 1419 423 1483 Equitius
456 1420 631 1466 doctus
669 1421 951 1468 conversam
993 1423 1172 1468 molem
1214 1422 1332 1469 belli
1371 1420 1520 1470 totius
1557 1420 1609 1466 in

193 1489 390 1549 Aliam,
438 1488 670 1552 digiell'us
710 1507 798 1553 pei
832 1490 1021 1539 Succos
1057 1490 1450 1556 Philippopolim
1479 1491 1611 1536 clan-

192 1556 293 1604 sam
325 1556 573 1622 praefidiis
607 1557 846 1620 hostium,
888 1559 1266 1624 Eumolpiadam
1298 1573 1511 1608 veterem
1541 1575 1612 1606 le·-

194 1625 363 1673 serane
387 1645 560 1690 magna
591 1626 639 1673 vi
671 1629 965 1689 conabatul,
1009 1631 1181 1676 nibem
1214 1621 1486 1676 admodum
1528 1644 1614 1690 op-

197 1709 486 1759 postumam,
523 1709 569 1742 ct
588 1694 938 1760 impedituram
960 1699 1061 1746 eius
1087 1699 1121 1763 ³)
1147 1698 1400 1759 adventus,
1429 1695 1613 1760 [ipone

197 1764 392 1820 relicta,
440 1758 719 1813 adiumenta
751 1767 950 1814 Valenti
976 1768 1161 1814 laturus
1197 1767 1442 1832 (nondum
1485 1765 1616 1813 enim

199 1831 332 1895 apud
354 1831 609 1879 Nacoliam
629 1834 757 1896 gesta
776 1853 978 1900 comper
985 1837 1104 1902 erat)
1123 1836 1344 1884 festinare
1365 1834 1427 1882 ad
1447 1834 1616 1882 Aemi-

149 1906 180 1952 5
199 1914 424 1946 montum
452 1917 530 1946 co
517 1915 723 1963 t3¹·e1etu1.
803 1904 991 1951 Verum
1023 1906 1190 1969 paullo
1223 1905 1387 1968 postea
1417 1902 1613 1967 cognita

198 1968 296 2016 le‘vi
315 1938 708 2033 praesumptione
734 1969 984 2031 Marcelli,
1027 1973 1206 2020 milites
1237 1971 1358 2018 missi
1385 1969 1496 2017 sunt
1531 1988 1614 2017 au·

201 2037 344 2084 daces
378 2051 427 2085 ct
459 2037 712 2117 piompti,
758 2040 838 2103 qui
873 2057 984 2085 eum
1026 2054 1243 2103 laptum,
1297 2054 1351 2086 ut
1388 2038 1614 2087 deditum

199 2124 355 2156 noxae
409 2105 737 2170 mancipium,
801 2108 850 2153 in
916 2106 1186 2156 custodiam
1241 2122 1612 2173 compegeiunt.

199 2168 348 2221 Unde
370 2173 477 2238 150st
497 2173 598 2222 dies
625 2175 920 2240 productus,
952 2176 1186 2224 lateribus
1219 2176 1413 2229 sulcatis
1443 2177 1615 2224 acciri-

203 2262 308 2305 me,
352 2260 585 2307 pariaque
616 2245 904 2311 ⁴)perpessis
932 2244 1243 2293 consoitihus
1274 2245 1484 2307 inte1iit,
1517 2245 1617 2294 hoc

201 2311 482 2359 favorabilis
504 2313 538 2374 ς)
560 2311 691 2375 solo,
729 2314 864 2379 quod
899 2315 1098 2362 abstulit
1125 2314 1446 2363 Serenianum
1472 2333 1496 2363 e
1516 2332 1615 2362 me-

206 2381 314 2442 dio,
351 2380 602 2428 crudelem
622 2397 676 2431 ut
695 2381 963 2444 Phalarim,
996 2383 1035 2448 ⁶)
1076 2391 1099 2416 *
1124 2384 1192 2431 illi
1219 2398 1265 2432 et
1283 2383 1355 2430 illi
1374 2383 1530 2430 fidum
1551 2381 1615 2429 ad

207 2449 540 2498 doctrinarum
589 2451 859 2514 diritatem,
916 2456 953 2518 ⁷)
995 2472 1141 2518 quam
1190 2451 1341 2501 causis
1388 2452 1615 2499 inanibus

202 2519 529 2582 praetexebat.

258 2651 890 2734 1in¹lt.e‹11‹e1a12)3g)uae
928 2652 994 2688 ΜΓ.
1025 2652 1134 2689 deest.
1193 2654 1230 2696 3)
1268 2652 1392 2701 Steph.
1419 2651 1618 2713 adpetitus.

208 2701 245 2740 4)
275 2696 343 2730 Mt
382 2656 760 2749 p0r1‹-n1is.5))Ml
831 2699 864 2735 lo
931 2702 974 2748 6)
1003 2698 1071 2736 ΜΓ.
1100 2699 1162 2735 ille
1187 2710 1221 2735 ct
1244 2698 1305 2735 ille
1326 2698 1450 2734 fidum.
1508 2702 1550 2747 7)
1574 2700 1618 2737 τό

211 2755 325 2792 quam
353 2743 420 2779 Ml
450 2743 558 2780 deest.
