1727 3144
1484 146 1502 153 κ

508 146 959 184 consi-ANNUS.
1033 139 1149 186 555.
1477 161 1534 195 m

117 266 294 311 bantur
331 262 527 310 innexi:
568 280 668 327 quo
702 262 803 310 viso
828 279 996 310 omnes
1020 262 1230 311 ecastris
1255 265 1415 327 effufi-,
1452 271 1538 335 qui

116 331 319 397 prodire
341 331 390 377 in
413 332 654 395 praelium
674 351 789 379 cum
816 331 954 379 sociis
979 333 1315 397 ambigebant,
1351 353 1536 385 caven-

43 405 65 431 ²·
117 400 170 448 di
197 401 510 448 immemores
545 402 859 465 proterebant
889 401 1146 448 barbaram
1178 403 1401 468 plebem,
1447 408 1533 455 nili

115 489 240 536 quos
278 472 393 534 fuga
435 485 681 518 exemerat
719 471 892 531 morti3
944 472 1186 520 calcantes
1230 475 1530 523 cadaverum

112 539 289 601 strues,
351 553 398 586 et
436 540 613 603 perfufi
660 540 791 587 sanie
832 554 1217 605 peremptorum.
1319 542 1527 609 Hocque
1543 565 1596 606 13

113 610 246 656 exitu
286 609 471 674 praelio
510 609 797 672 terminato,
861 610 1140 675 Imperator
1183 610 1527 662 Mediolanum

110 680 175 724 ad
196 678 403 727 hiberna
429 695 576 726 ovans
603 678 800 727 revertit
824 692 872 726 et
892 679 1064 727 laetus.

645 790 730 857 (A.
760 792 814 840 c.
847 792 987 856 555.)

207 878 269 927 V.
318 879 549 928 Exoritur
580 881 676 929 iam
703 882 820 929 hinc
850 882 995 929 rebus
1035 879 1243 928 adflictis
1268 880 1403 931 haud
1427 884 1553 932 dis-r

104 948 212 1012 pari
233 950 599 1012 provinciarum
639 953 799 1009 malo,
830 952 1161 1014 calamitatum
1192 954 1520 1002 turhonova-

103 1035 242 1064 rum:
282 1020 317 1083 ¹)
351 1019 665 1067 exstincturus
703 1021 865 1068 omnia
897 1020 1066 1082 fimul,
1114 1022 1162 1067 ni
1192 1023 1388 1068 fortuna
1411 1042 1516 1071 lno-

102 1085 320 1134 deratrix
336 1088 668 1137 humanorum
691 1090 888 1137 casuum
903 1127 916 1150 ‚
953 1106 1144 1137 motum
1164 1105 1341 1138 eventu
1368 1094 1516 1141 celeri

99 1154 472 1204 consummass'et
490 1158 745 1223 impendio
767 1158 1103 1229 formidatum.
1177 1162 1299 1207 Cum
1328 1162 1552 1212 diutur-2

100 1243 163 1270 na
196 1225 382 1273 incuria
419 1228 608 1275 Galliae
641 1227 814 1275 caedes
855 1231 1082 1289 acerbas,
1139 1247 1428 1292 rapinasque
1465 1246 1513 1278 et

99 1293 352 1354 incendia,
397 1296 617 1342 barbaris
649 1297 851 1342 licenter
886 1297 1225 1359 grall'antibus,
1273 1298 1406 1344 nullo
1441 1300 1513 1346 iu-

97 1376 240 1409 vante
268 1362 567 1426 perferrent3
600 1365 824 1410 Silvanus
854 1365 1082 1427 pedestris
1107 1365 1307 1412 militiae
1333 1383 1509 1430 rector,

99 1445 154 1477 ut
177 1432 345 1477 efficax
365 1430 428 1478 ad
444 1432 566 1479 haec
587 1431 905 1495 corrigenda,
939 1433 1171 1496 principis
1199 1434 1318 1480 iussu
1344 1431 1382 1500 ²)
1403 1451 1511 1500 per-

95 1501 246 1560 rexit,
289 1501 560 1548 Arbetione
591 1501 644 1546 id
672 1503 900 1546 maturari
934 1501 1092 1547 modis
1115 1503 1292 1564 quibus
1316 1519 1508 1565 poterat

92 1569 344 1633 adigente,
376 1584 432 1616 ut
452 1568 637 1616 absenti
657 1573 851 1615 aemulo
873 1568 908 1632 ³)
932 1587 1077 1632 quem
1098 1569 1337 1632 superesse
1361 1575 1401 1637 ⁴)
1425 1574 1508 1621 ad-

89 1638 191 1686 huc
238 1639 551 1702 gravabatur,
599 1634 902 1702 periculosae
950 1638 1095 1684 molis
1155 1655 1277 1685 onus
1327 1640 1506 1705 impin-

91 1722 238 1773 geret.
269 1713 297 1739 *
327 1712 354 1738 *

187 1775 456 1842 Dynamius
486 1773 687 1839 quidam
718 1774 959 1822 actuarius
991 1771 1298 1821 sarcinalium
1326 1777 1544 1840 princi-3

87 1845 166 1910 pis
193 1846 552 1905 iumentorum,
596 1843 1027 1892 commendaticias
1058 1843 1118 1889 ab
1153 1862 1211 1891 eo
1234 1845 1268 1908 ⁵)
1297 1847 1504 1909 petierat

86 1916 273 1962 litteras
298 1913 357 1961 ad
381 1914 563 1960 amicos
580 1951 592 1974 7
629 1928 682 1960 ut
706 1913 838 1978 quali
860 1912 1110 1959 familiaris
1136 1913 1354 1961 eiusdem
1388 1915 1502 1963 esset

88 1984 375 2031 notiffimus.
460 1982 571 2030 Hoc
601 1983 863 2046 impetrato
887 2020 899 2042 ‚
944 1999 1056 2028 cum
1088 1982 1168 2028 ille
1201 1983 1325 2029 nihil
1354 1984 1504 2048 suspi-

91 2071 205 2100 cans
232 2051 513 2117 [impliciter
546 2051 872 2116 praestitisset,
913 2050 1132 2098 servabat
1166 2053 1413 2115 epistolas,
1446 2068 1500 2100 ut

85 2122 416 2187 perniciolum
449 2121 636 2185 aliquid
682 2122 728 2166 iu
772 2135 990 2185 tempore
1033 2120 1301 2168 moliretur.
1396 2123 1537 2184 Mle-4

91 2205 284 2238 morato
303 2191 469 2255 itaque
495 2189 617 2237 duce
642 2190 825 2237 Gallias
846 2208 899 2237 ex
923 2208 972 2236 re
1004 2191 1198 2253 publica
1231 2189 1499 2237 discursan-

91 2274 184 2320 te,·
210 2260 543 2323 barbarosque
575 2261 905 2323 propellente7
960 2260 1053 2306 iam.
1091 2259 1180 2306 libi
1223 2260 1497 2307 diffidentes

93 2343 141 2376 et
170 2327 494 2393 trepidantes:
546 2327 679 2376 idem
724 2329 991 2393 Dynamius
1031 2328 1297 2393 inquietius
1337 2346 1498 2389 agens,

93 2411 148 2445 ut
201 2396 418 2446 versutus
465 2410 512 2444 et
553 2397 603 2443 in
646 2397 862 2445 fallendo
905 2398 1216 2459 exercitatus,
1275 2397 1498 2446 fraudem

726 2467 839 2513 D2

142 2674 176 2716 ι)
211 2675 261 2707 at.
301 2673 553 2709 destructurus.
614 2678 651 2715 2)
678 2673 746 2708 ΜΓ.
781 2673 968 2720 superexit.
1031 2674 1073 2716 5)
1101 2672 1168 2705 ΜΓ.
1200 2671 1309 2707 deest.
1362 2673 1406 2715 ΔΗ
1433 2671 1501 2706 Ms.

95 2716 213 2751 adhuc
250 2733 311 2766 gra
347 2726 355 2754 :
396 2747 405 2755 .
447 2748 454 2755 .
495 2748 501 2755 .
535 2721 595 2754 hic
624 2721 763 2755 lacuna
788 2732 947 2769 qzmcuor
976 2721 1171 2755 linearum.
1218 2718 1408 2754 actuarius.
1461 2722 1502 2763 5)

92 2765 241 2809 potiora-t
278 2767 409 2802 litteras
440 2767 484 2801 acl
513 2767 647 2804 :unicos
675 2766 700 2800 l.
