1727 3144
235 170 260 187 ..-

201 184 298 216 200
416 162 711 215 ἈΜΜΙΑΝΙ
742 181 1131 214 mancianum
1200 181 1288 226 xx,
1350 181 1425 212 11.

200 307 307 353 tur,
353 293 591 340 militibus
613 309 738 341 ›cum
771 291 959 339 intactis
996 289 1251 352 tormentis
1286 289 1457 339 exinde
1489 291 1615 356 peri-

204 359 370 410 culose
396 361 626 425 digreffis.

138 431 196 484 24
295 430 365 476 Ut
409 449 524 478 vero
567 428 912 477 certaminibus
954 430 1105 475 finem
1146 426 1343 492 vespera
1388 429 1441 495 ¹⁵)
1477 426 1614 475 dedit
1674 428 1679 432 ’

208 498 463 559 incedens,
518 514 774 563 partesque
818 496 1132 544 discesserunt
1168 495 1230 543 ad
1260 497 1415 544 otium
1450 497 1614 556 breve,

209 569 482 632 Imperator
510 570 559 614 in
589 569 722 614 varia
748 565 845 614 sese
868 565 1064 613 consilia
1082 564 1320 616 diducens
1341 579 1388 612 et
1408 565 1615 624 versans,

209 655 322 684 cum
344 635 533 685 excidio
554 635 830 683 Phoenicae
855 633 1037 681 diutius
1058 634 1312 681 imminere
1332 632 1617 680 necess‘ariae

209 705 420 752 rationes
440 719 696 768 urgerent,
737 702 872 768 quod
897 702 1252 757 munimentum
1275 702 1408 750 velut
1441 700 1618 749 insolu-
1652 701 1655 704 ⁴

209 774 310 821 bile
329 774 582 820 claustrum
600 772 811 821 hostium
835 771 1106 819 excurlibus
1129 785 1229 818 erat
1250 771 1497 818 obiectum
1512 806 1526 827 ,
1570 783 1618 816 et

210 841 371 889 serum
401 843 656 906 repelleret
685 856 906 904 tempus:
947 853 1215 887 certaturus
1248 838 1417 887 leviter
1440 839 1511 886 ibi
1532 838 1618 885 sta-

212 911 306 959 tuit
339 910 615 971 immorari,
671 910 910 956 alimentis
947 908 1276 956 destituendos
1310 908 1511 954 forsitan
1540 925 1618 954 ce-

213 978 328 1026 dere
365 974 632 1026 existimans
664 977 853 1025 Persas:
911 976 1046 1041 quod
1076 975 1211 1024 secus
1239 991 1383 1041 atque
1425 976 1618 1023 rebatur

143 1051 199 1096 25
215 1046 390 1095 evenit.
472 1048 592 1094 Cum
625 1048 754 1093 enim
777 1045 1008 1093 remissius
1032 1059 1349 1108 pugnaretur,
1386 1045 1618 1092 humente

212 1116 347 1162 caelo
379 1113 617 1161 undantes
647 1114 801 1160 nubes
830 1131 942 1159 cum
974 1112 1189 1160 tenebris
1211 1112 1450 1161 advenere
1469 1113 1620 1160 mina-

212 1184 375 1231 cibus:
420 1182 728 1246 adliduisque
755 1182 996 1228 imbribus
1017 1180 1084 1226 ita
1103 1180 1425 1228 immaduerat
1444 1181 1619 1242 solum,

211 1265 267 1299 ut
292 1251 384 1299 luti
415 1250 653 1314 glutinosa
686 1250 916 1308 mollities
951 1267 1038 1312 per
1067 1266 1144 1295 eas
1167 1249 1387 1313 regiones
1409 1250 1623 1313 pinguis-

211 1319 319 1366 fimi
348 1318 569 1383 caespitis
601 1319 763 1366 omnia
795 1318 1129 1382 perturbaret:
1194 1331 1241 1364 et
1259 1316 1494 1381 superbis
1518 1319 1622 1381 iugi

211 1389 404 1453 fragore
432 1388 645 1440 tonitrua
674 1388 964 1452 fulguraque
997 1398 1183 1434 mentes
1207 1385 1465 1434 hominum
1491 1387 1624 1451 pavi-

217 1455 301 1504 das
333 1457 681 1521 pei-terrebant.

147 1528 204 1572 26
314 1524 633 1576 Accedebant
701 1543 838 1572 arcus
898 1524 1111 1574 caelestis
1183 1520 1469 1587 conspectus
1541 1523 1623 1571 ad-

216 1593 364 1641 fidui:
434 1612 558 1658 quae
609 1593 792 1657 species
837 1594 967 1641 unde
1007 1594 1074 1643 ita
1116 1593 1316 1656 figurari
1360 1591 1418 1638 fit
1454 1590 1621 1654 solita,

219 1661 461 1725 expolitio
511 1663 671 1710 brevis
704 1661 941 1709 ostendet.
1058 1661 1252 1708 Halitus
1311 1674 1466 1708 terrae
1500 1662 1625 1708 cali-

221 1730 384 1777 diores
423 1744 470 1777 et
499 1730 720 1777 humoris
752 1729 1011 1795 spiramina
1040 1730 1330 1793 conglobata
1360 1730 1410 1775 in
1450 1731 1622 1792 nubes,

221 1798 492 1863 exindeque
536 1798 736 1846 disiecta
780 1800 831 1844 in
870 1798 1177 1863 adspergines
1213 1816 1404 1861 parvas,
1456 1817 1510 1845 ac
1553 1818 1624 1846 ra.

220 1867 416 1914 diorum
446 1867 630 1914 sulione
662 1866 915 1931 splendida
946 1870 1099 1927 facta,
1132 1866 1412 1931 supinantur
1434 1868 1625 1914 volubi-

217 1936 330 1982 liter
361 1949 529 1982 contra
561 1935 716 1998 ipsum
746 1937 943 1999 igneum
973 1936 1167 1994 orbem,
1198 1935 1408 1997 irimque
1430 1936 1625 1982 consor.

220 2018 380 2064 mant,
413 2003 527 2052 ideo
555 2003 757 2066 spatioso
788 2004 1069 2051 curvamine
1103 2000 1366 2062 sinuosam,
1404 2002 1541 2066 quod
1571 2005 1623 2052 in

223 2073 384 2122 nostro
414 2070 642 2135 panditur
668 2071 882 2127 mundo,
929 2088 1071 2135 quem
1115 2070 1345 2133 sphaerae
1389 2070 1622 2120 dimidiae

153 2160 210 2204 27
223 2142 347 2205 paiti
368 2140 574 2188 rationes
598 2139 817 2204 physicae
836 2139 1184 2203 supcipouunt.
1257 2138 1404 2186 Cuius
1423 2139 1622 2203 species,

224 2224 457 2273 quantum
478 2226 584 2255 mou
589 2210 693 2255 talis
714 2209 881 2255 oculus
902 2221 1159 2255 contuetm
1172 2244 1185 2269 7
1230 2207 1385 2271 prima
1402 2208 1532 2256 lutea
1556 2211 1625 2257 vi-

223 2277 339 2325 litui
354 2316 366 2339 ‚
411 2262 620 2324 seeu‘nda
648 2277 901 2324 flavescens
929 2277 1004 2325 vel
1037 2276 1195 2337 fulva,
1242 2276 1446 2338 punicea
1468 2281 1620 2339 tertia,

225 2365 344 2410 quai
351 2362 394 2395 ta
424 2363 692 2410 puipuiea‚
735 2345 976 2407 postrema
996 2345 1220 2391 eaeiuleo
1240 2359 1465 2392 concreta
1488 2361 1535 2393 et
1557 2348 1624 2393 vi-

154 2414 335 2469 2·81idi.
440 2414 546 2461 Hac
577 2428 734 2464 autem
774 2414 919 2461 mixta
956 2413 1284 2478 pulcritudine
1327 2426 1622 2477 temperatut

223 2482 360 2545 ideo,
401 2497 456 2529 ut
485 2497 701 2531 terrenae
736 2483 999 2533 existimant
1025 2496 1237 2542 mentes,
1292 2480 1427 2545 quod
1468 2483 1622 2545 prima

225 2553 325 2599 eius
359 2571 467 2615 pais
502 2551 703 2599 dilutior
734 2552 971 2611 cernitur,
1018 2552 1116 2598 aeri
1153 2550 1386 2598 concoloi
1417 2552 1620 2598 oileum..

224 2620 356 2669 iulo:
401 2608 620 2684 lequens
638 2620 792 2682 fulva,
835 2619 889 2668 id
918 2620 983 2667 est
1018 2620 1177 2684 paullo
1207 2618 1455 2667 excitatim
1476 2637 1620 2683 quam

273 2786 322 2826 15]
354 2782 420 2816 ΜΓ.
439 2785 481 2819 τό
510 2784 683 2819 incedens
712 2782 809 2819 deest
833 2782 876 2816 al-

1722 956 1724 963 s
1723 939 1726 947 .
1722 919 1723 922 „
1718 770 1727 906 >iq-amm:
