1727 3144
223 181 652 214 CONSTANTIUS
694 181 768 212 ET
805 180 1128 212 IULIANUS.
1202 168 1316 215 555.
1422 172 1485 228 7b

81 289 248 339 eraudi
269 289 496 339 aviditate
514 289 827 338 sordescens:
857 303 913 337 ut
931 288 1059 337 inter
1089 289 1178 338 alia
1208 291 1359 338 multa
1392 292 1489 340 evi-

21 365 24 368 ’
83 361 253 408 denter
275 359 521 425 adparuit
509 378 560 407 in
581 358 942 424 quaestionibus
962 359 1148 422 agitatis
1169 358 1312 425 super
1329 376 1487 409 morte

83 429 127 477 Γ
133 429 320 493 eophih
373 429 538 495 Syriae
595 427 885 489 consularis,
932 427 1217 492 proditione
1280 428 1490 478 Caesaris

81 499 235 560 Galli,
276 499 467 563 impetu
515 498 675 563 plebis
729 494 1033 563 promiscuae
1090 497 1347 563 discerpti:
1402 497 1492 545 ubi

81 566 317 614 damnatis
350 568 672 633 paupeiibus,
715 583 865 631 quos,
911 581 1024 613 cum
1053 566 1173 614 haec
1217 583 1489 631 ager-emm,

80 653 285 701 peregre
333 637 580 684 conflabat
619 635 786 697 fuiss'e,
837 649 1060 683 auctmes
1107 636 1202 684 diri
1241 637 1488 700 facinoris,

82 707 218 754 exuti
237 705 568 770 patrimoniis,
601 702 811 753 absoluti
836 702 948 751 suut
966 702 1158 753 divites.

80 786 82 788 ’
182 774 224 840 ²)
261 775 411 823 Hunc.
462 772 674 840 Prosper
723 773 1044 839 adaequabat,
1105 792 1195 840 pro
1263 776 1529 840 magistro3

76 844 328 907 equitum,
371 857 541 908 agente
570 844 714 890 etiam
746 857 854 891 tum
883 843 935 890 iu
958 844 1154 905 Galliis,
1191 843 1399 892 militem
1424 863 1495 893 re·
1518 864 1520 867 ·

13 948 22 963 2
82 930 224 977 gens,
261 913 449 961 abiecte
477 913 704 977 ignavus,
759 925 834 974 et,
884 927 938 959 ut
972 912 1038 960 ait
1079 913 1336 976 Comicus,
1391 930 1491 963 arte

51 1017 59 1025 s
83 980 310 1049 despecta
331 983 578 1029 furtorum
599 982 790 1047 rapiens
813 982 1079 1047 propalam.

12 1099 15 1101 ,
187 1052 341 1108 Queis
372 1050 831 1113 sconcordautibuS,
893 1065 1159 1117 mutuaque
1200 1053 1535 1117 commercia4

31 1167 44 1173 ,
82 1119 285 1169 vicissim
302 1119 393 1168 fibi
414 1119 728 1169 conciliando
759 1121 1096 1185 locupletatis,
1136 1120 1315 1169 Perfici
1345 1122 1493 1170 duces

81 1189 230 1237 vicini
249 1190 564 1252 fluminibus,
599 1207 712 1255 rege
734 1189 786 1237 in
818 1190 1004 1237 ultimis
1037 1205 1272 1238 terrarum
1303 1190 1496 1238 suarum

82 1259 302 1307 terminis
337 1273 602 1325 occupato,
640 1276 729 1324 per
761 1258 1095 1324 praedatorios
1126 1261 1302 1322 globos
1336 1261 1495 1308 nostra

83 1328 341 1387 vexabant,
395 1345 526 1374 nunc
562 1328 874 1387 Armeniam,
919 1328 1176 1392 aliquoties
1223 1328 1499 1393 Mesopota-

83 1397 229 1443 miam
269 1394 598 1443 confidentius
633 1394 958 1457 incursantes,
1010 1397 1239 1444 Romanis
1282 1397 1497 1446 ductori-

85 1467 179 1514 bus
204 1464 265 1512 ad
284 1462 584 1529 colligendas
605 1463 946 1513 obedientium
978 1466 1176 1514 exuvias
1199 1468 1462 1534 occupatis.

135 1634 173 1677 2)
198 1629 268 1666 Ms.
296 1631 380 1666 Huc
407 1618 559 1677 Prosper
587 1627 832 1676 adequitabat.
