1727 3144
162 123 262 184 578
425 136 703 171 Amnum
742 122 1140 169 MARCELLHU
1176 137 1302 179 xxv,
1337 123 1384 169 5.

161 246 350 295 tardius
370 245 411 313 ⁶)
433 244 804 313 praecedentes,
841 244 1181 310 magnitudine
1203 265 1384 313 eorpoi
1388 265 1471 295 um
1493 248 1585 296 cri-

163 315 438 395 Earumque
472 316 681 364 horrore
727 331 963 393 pavorem
1003 315 1235 364 iumentis
1281 317 1587 365 incutiebant

96 401 146 427 12
167 399 215 436 et
241 386 376 435 viris
460 384 736 434 Concursus
765 385 933 450 itaque
962 404 1014 432 ai
1017 398 1290 447 matorum
1330 401 1378 434 et
1409 385 1586 435 caden-

163 455 287 503 tium
321 456 555 520 gemitus,
603 473 847 520 equorum
876 457 1045 517 flatUS,
1091 454 1297 502 tinnitus
1327 456 1447 503 ferri
1473 473 1588 521 pro-

163 525 246 572 cul
275 524 590 585 audiebatur,
630 523 869 588 quamdiu
901 522 1120 572 satietate
1154 524 1412 572 vulnerum
1440 523 1587 589 parti-

161 594 256 642 bus
291 594 442 656 feffis,
492 612 590 641 nox
629 593 828 641 diremit
862 593 1131 641 certamina
1170 593 1270 641 iam
1308 592 1583 642 tenebrosa.

91 666 144 712 13
162 663 532 729 Quinquaginta
558 678 664 710 tum
694 661 952 710 Persarum
983 662 1241 728 optimates
1283 677 1350 722 ets,
1369 662 1585 726 satrapae

160 751 276 780 cum
298 735 443 799 plebe
464 732 672 780 maxima
690 730 1003 792 ceciderunt,
1017 757 1020 759 μ
1034 732 1162 779 inter
1182 732 1267 780 has
1288 732 1457 780 turbas
1481 731 1587 780 Me-

158 819 277 850 rena
316 816 364 851 et
394 800 724 867 ⁷)Nohodare
756 800 1008 865 potiffimis
1045 799 1256 848 ducibus
1294 801 1583 849 interfectis.

160 871 485 936 Obstupescat
526 869 946 943 magniloquentia
987 870 1232 918 vetustatis
1291 869 1491 918 diverfis
1531 870 1586 916 in

157 941 283 988 locis
313 941 502 1004 proelia
543 956 629 985 xx
672 938 924 985 Marcelli:
967 937 1006 1003 ⁸)
1029 939 1274 986 Sicinium
1311 939 1585 986 Dentatum

159 1009 384 1068 adiiciat,
438 1021 666 1054 onnatum
705 1006 993 1053 militarium
1025 1006 1342 1055 mffltitudine
1382 1025 1587 1055 corona-

156 1096 294 1125 rum:
336 1076 542 1124 miretur
572 1074 715 1152 super
745 1074 823 1120 his
830 1074 1111 1151 Sergium,
1166 1076 1251 1139 qui
1277 1078 1318 1141 ⁹)
1348 1077 1498 1125 vicies
1537 1089 1585 1125 et

156 1160 231 1194 tei
251 1146 528 1194 vulneratus
553 1144 651 1191 est
640 1161 692 1191 111
725 1142 869 1190 variis
904 1143 1103 1207 pugnis,
1135 1157 1190 1189 ut
1221 1145 1405 1192 sertui:
1444 1145 1586 1193 euius

155 1214 452 1281 posteritatis
483 1214 685 1260 ultimus
717 1211 930 1259 Catilina
962 1213 1113 1259 claras
1158 1213 1427 1276 gloiiaium
1466 1215 1585 1263 ado·

156 1303 262 1333 reas
286 1283 594 1348 sempiternis
615 1280 820 1328 maculis
843 1280 1177 1329 obumbravit
1258 1282 1585 1331 Deformabat

85 1361 140 1416 14
159 1369 321 1402 tamen
353 1352 545 1400 triltitia
577 1350 804 1398 laetiores
847 1364 1066 1397 evemus.
1147 1351 1284 1397 Dum
1315 1351 1438 1399 haec
1477 1352 1586 1417 post

159 1422 418 1471 discess'um
447 1421 587 1468 ducis
626 1420 816 1484 ubique
856 1433 1092 1483 aguntur,
1148 1420 1388 1468 exercitus
1427 1438 1586 1469 cornu

159 1492 332 1540 dextro
356 1490 646 1553 defatigato,
681 1502 729 1536 et
754 1488 992 1535 Anatolio
1023 1487 1310 1551 interfecto,
1349 1490 1435 1555 qui
1463 1504 1581 1538 tunc

159 1576 261 1610 erat
279 1561 557 1609 officiorum
579 1557 830 1622 magister:
863 1557 1116 1606 Sallustius
1144 1559 1422 1622 praefectus
1446 1573 1580 1611 actus

155 1633 209 1680 in
239 1630 442 1678 exitium
474 1645 734 1692 praeceps,
780 1641 829 1674 et
860 1645 1010 1691 opera
1046 1625 1119 1673 sui
1154 1627 1449 1705 adparitoris
1484 1646 1583 1676 ere-

155 1715 296 1766 pum,
344 1696 599 1762 Sophmio
630 1694 796 1743 amisso
840 1695 1141 1757 consiliario,
1196 1697 1282 1761 qui
1319 1697 1364 1745 ei
1397 1697 1581 1763 aderat,

156 1767 272 1817 casu
301 1766 446 1815 evalit
476 1780 523 1814 et
554 1766 695 1830 fuga:
741 1765 1061 1843 quidamque
1081 1765 1261 1813 milites
1299 1785 1386 1830 per
1427 1767 1582 1815 multa

158 1836 444 1886 discrimina
475 1849 718 1898 occupato
748 1835 929 1882 castelli
973 1834 1121 1883 vicini
1157 1834 1427 1900 praefidio,
1471 1836 1579 1900 post

160 1907 294 1956 diem
315 1904 530 1966 denique
551 1903 751 1949 tertium
770 1904 905 1967 iungi
933 1904 1168 1951 exercitui
1188 1918 1471 1968 potuerunt.

81 1979 142 2026 '15
256 1975 397 2032 Quae
426 1971 544 2020 dum
573 1972 640 2017 ita
672 1985 906 2035 aguntur,
941 1972 1159 2019 Iulianus
1183 1973 1235 2018 in
1258 1974 1579 2023 tabernaculo

156 2046 320 2092 iacens
339 2039 703 2091 circumstantes
729 2038 1027 2104 adloquut-us
1053 2040 1119 2087 est
1151 2039 1380 2089 demiss'os
1416 2056 1465 2090 et
1496 2044 1580 2091 tri-

155 2115 273 2162 stes:
315 2112 549 2169 Advenit,
577 2127 603 2156 ο
617 2111 744 2172 ficii
757 2144 772 2166 ,
800 2126 927 2155 nanc
955 2109 1168 2156 abeundi
1198 2120 1387 2172 tempas
1414 2130 1441 2158 e
1473 2115 1579 2161 vita

155 2184 406 2246 impendio
438 2180 800 2243 tempestivum,
850 2196 1002 2242 qaam
1041 2182 1310 2242 reposcenti
1349 2191 1579 2241 naturae,

154 2263 207 2300 ut
236 2253 425 2299 debitor·
454 2251 607 2298 bonae
625 2250 756 2310 fidei
769 2284 784 2305 ,
821 2251 1101 2295 reddituras
1131 2252 1338 2312 exstclto:
1376 2268 1492 2309 non,
1523 2261 1577 2299 ut

155 2325 364 2386 qnidam
377 2322 657 2384 opinantur,
677 2319 899 2379 adflictas
912 2328 957 2364 et
981 2335 1234 2365 maerens:
1254 2320 1576 2383 philosopho-

153 2392 525 2455 ramsententia
539 2389 761 2452 generali
771 2390 1036 2451 perdoctus
1048 2424 1064 2445 ,
1107 2397 1346 2452 quantam
1372 2406 1575 2452 corpore

135 2464 211 2523 stt
230 2462 423 2508 beatior
442 2460 638 2506 animas
650 2495 665 2516 ‚
708 2467 753 2503 et
782 2460 1128 2521 contemplans,
1151 2460 1340 2520 quoties
1364 2461 1574 2506 conditio

154 2533 332 2578 melior
354 2549 388 2577 a
408 2530 649 2577 deteriore
655 2531 930 2592 secernitur
940 2563 958 2586 ,
984 2530 1272 2575 laetandum
1292 2527 1573 2591 eſjhpotias,

196 2714 237 2753 6)
260 2714 338 2749 Mt.
367 2714 604 2763 praecedites.
654 2716 689 2761 7)
711 2714 780 2750 Ms.
809 2715 1018 2752 Novodare.
1068 2719 1107 2764 8)
1135 2717 1187 2752 al.
1213 2715 1385 2751 Siccium.
1436 2721 1472 2763 9)
1501 2715 1566 2753 Ml.

150 2758 298 2794 viciens.
