1727 3144
1422 152 1474 167 ,-,,,

531 160 921 199 1nL1Anus.
997 144 1164 194 5654
1419 154 1515 200 045

101 270 225 331 fines
259 268 518 333 ingiess‘us,
565 268 694 318 celso
729 282 922 335 praeter
951 268 1094 316 alios
1104 267 1276 332 spiritu
1301 272 1515 338 obequi-

101 353 207 386 tans
241 338 525 400 ordinibus,
563 339 888 388 aemulatione
921 336 994 384 sui
1024 352 1227 386 cunctos
1260 339 1322 387 ad
1355 346 1512 394 officia

99 407 406 460 fortitudinis
427 407 735 457 incendebat.
814 408 975 473 thue
1000 406 1175 455 ductor
1196 406 1286 454 usu
1309 423 1357 456 et
1379 410 1509 461 doci-
1531 432 1552 458 2

100 476 236 531 litate
267 479 514 535 firmatus,
560 492 804 538 metuens,
844 495 905 524 ne
938 494 1024 542 per
1053 478 1279 524 locorum
1303 477 1509 528 insolen-

100 544 218 592 tiam
239 545 422 594 infidiis
443 565 496 595 ca
503 562 698 612 peretur
718 546 947 607 occultis,
979 546 1256 611 agminibus
1281 546 1509 598 incedere

101 613 351 678 quadratis
376 615 570 664 exorsus
597 617 676 664 est.
758 615 1100 663 Excursatores
1126 614 1338 681 ⁸quidem
1373 617 1511 681 quin-

99 697 270 746 gentos
296 698 343 731 et
364 685 497 731 mille
520 684 691 732 sentim
710 685 901 748 praeire
921 684 1178 748 disposuit,
1213 685 1300 748 qui
1324 686 1509 734 cautius

98 751 373 816 gradientes
410 770 470 800 ex
502 766 715 829 utroque
745 753 921 814 latere,
971 752 1244 818 itidemque
1274 772 1300 800 a
1328 754 1508 816 fronte,

96 836 158 867 ue
195 820 302 884 quis
334 821 616 885 repentinus
655 822 886 883 irrueret,
926 820 1313 899 prospectabant.
1397 823 1507 888 Ipse

94 905 210 936 vero
237 888 428 937 medios
450 889 640 954 pedites
662 908 858 956 regens,
888 889 1025 955 quod
1048 905 1148 940 erat
1179 892 1329 940 totius
1362 894 1507 941 robo-

92 957 158 1004 ris
186 959 574 1021 firmamentum,
623 959 789 1008 dextra
818 960 1034 1022 legiones
1066 961 1251 1025 aliquas
1274 980 1388 1008 cum
1410 961 1507 1009 Ne-

91 1026 190 1076 vita
208 1025 464 1092 supercilia
484 1029 699 1076 fluminis
719 1030 754 1093 ³)
774 1029 1121 1093 praestringere
1141 1029 1268 1077 iuffit
1286 1030 1358 1076 Eu
1365 1034 1508 1094 phra-

91 1095 170 1142 tis.
243 1098 412 1144 Cornu
438 1115 552 1146 vero
574 1099 767 1146 laevum
788 1117 902 1146 cum
922 1098 1143 1161 equitum
1174 1097 1331 1162 copiis
1361 1099 1507 1145 Arin-

90 1163 238 1212 thaeo
262 1165 466 1213 tradidit
487 1181 535 1214 et
558 1166 855 1215 Hormisdae
872 1204 885 1225 ‚
927 1165 1207 1214 ducendum
1236 1166 1504 1215 confertius

88 1250 178 1297 per
209 1235 351 1297 plana
387 1253 676 1299 camporum
706 1250 754 1284 et
784 1236 967 1283 mollia.
1049 1235 1259 1299 Agmina
1281 1253 1397 1282 vero
1419 1253 1506 1299 po-

88 1301 262 1349 strema
292 1303 628 1368 Dagalaiphus
660 1305 870 1369 cogebat
898 1319 942 1352 et
968 1304 1172 1361 Victor,
1202 1303 1503 1369 ultimusque

91 1371 315 1418 omnium
353 1371 641 1420 Osdruenae
682 1373 780 1420 dux
819 1372 1145 1421 Secundinus.
1225 1371 1420 1420 Deinde
1448 1386 1547 1429 ut3

88 1439 338 1502 hostibus,
383 1439 421 1487 fi
452 1441 715 1505 erupiffent
739 1461 971 1506 usquam,
1006 1442 1082 1489 vel
1105 1440 1501 1519 conspicantibus

88 1509 289 1572 procul,
344 1509 574 1557 timorem
610 1511 943 1557 multitudinis
998 1510 1196 1556 maioris
1244 1510 1502 1572 incuteret,

87 1577 254 1625 laxatis
279 1578 446 1624 cuneis
469 1578 687 1625 iumenta
711 1578 933 1625 dilatavit
964 1592 1011 1624 et
1042 1578 1295 1639 homines,
1335 1592 1390 1624 ut
1421 1577 1503 1626 de·

87 1647 219 1694 cimo
239 1663 391 1710 paene
409 1645 574 1711 lapide
600 1646 833 1711 postremi
862 1645 1226 1710 dispararentur
1252 1663 1278 1691 a
1312 1645 1502 1709 [ignife-

90 1715 153 1763 ris
176 1715 374 1780 primis:
413 1714 549 1779 quod
565 1729 667 1764 arte
691 1716 813 1763 mira
834 1714 976 1780 saepe
998 1713 1161 1762 feciss'c
1181 1713 1396 1779 Pyrrhus
1417 1715 1500 1762 ille

87 1803 170 1831 rex
202 1782 383 1832 dicitur
409 1783 661 1848 Epirotes,
711 1784 1003 1849 opportunis
1031 1783 1084 1830 in
1103 1783 1226 1830 locis
1249 1783 1499 1831 caltiame-

89 1852 247 1915 ta-ndi,
304 1870 650 1921 armorumque
676 1850 890 1918 speciem
921 1851 1231 1900 diffundendi
1272 1869 1327 1900 ex
1357 1851 1499 1899 indu-

86 1921 213 1984 stria,
244 1922 322 1970 vel
341 1917 625 1969 attenuandi
649 1939 885 1987 perquam
907 1920 1262 1979 scientissimus,
1305 1935 1376 1984 ut,
1408 1921 1496 1968 ubi

86 1989 176 2038 usu
198 1989 423 2052 veniII'et,
453 1990 616 2054 plures
639 1990 858 2038 aestlmar
849 2004 1028 2051 entur
1060 2005 1143 2037 aut
1168 1989 1324 2056 pauci

188 2059 412 2108 Sarcinas
435 2077 551 2108 vero
574 2074 622 2107 et
641 2060 832 2120 calones
857 2075 906 2108 et
933 2059 1291 2137 adparitionem
1323 2055 1540 2104 imbel--s

86 2128 210 2189 lem,
238 2128 975 2194 impedimentorumquegenus
1002 2147 1145 2177 omne
1165 2129 1291 2175 intel
1310 2140 1494 2172 utrum-

89 2215 184 2262 que
206 2198 330 2244 latus
349 2196 553 2245 instituit
574 2198 948 2263 procedentium
980 2197 1270 2255 ordinatim,
1306 2211 1367 2240 ne
1395 2211 1490 2256 qua

91 2266 135 2313 vi
159 2266 317 2312 subita
336 2280 644 2330 raperentur,
679 2281 735 2314 ut
756 2267 895 2332 saepe
916 2267 1147 2330 contigit,
1184 2265 1487 2327 improtecta.

91 2334 254 2382 Claffis
294 2348 456 2382 autem
495 2335 611 2382 licet
646 2353 734 2399 per
774 2339 956 2384 flumen
994 2336 1239 2383 ferebatur
1280 2328 1490 2376 adhduis

89 2404 295 2450 flexibus
322 2402 621 2467 tortuosum,
669 2422 759 2453 nec
789 2404 1021 2466 1efiderc,
1064 2420 1151 2450 nec
1181 2416 1490 2465 praecur'rcle

93 2472 351 2519 linebatur.

185 2539 394 2588 Emenso
409 2539 579 2603 itaque
604 2534 775 2588 itinere
796 2540 935 2587 bidui
961 2556 1113 2603 prope
1140 2537 1385 2583 civitatem
1415 2547 1533 2592 ve-5

92 2609 248 2657 nimus
282 2611 467 2656 Duram
499 2608 760 2670 desertam,
803 2609 1099 2674 marginibus
1129 2605 1279 2655 amnis
1299 2604 1492 2670 impost-

143 2772 184 2818 3)
210 2770 278 2805 ΜΓ.
313 2771 582 2819 praestringere.
