1727 3144
213 157 242 203 6
413 170 682 207 ΛΜΗ-ΑΜ
721 172 1120 206 inuentum
1165 170 1284 220 actv,
1324 172 1369 205 2.
1417 191 1421 195 -

219 278 337 328 tima
367 280 419 328 in
448 281 746 348 Lycaoniam
789 281 1024 330 adnexam
1051 277 1261 332 Isauriae
1297 282 1346 331 se
1385 281 1616 331 contule-—

221 363 355 396 runt:
391 349 559 415 ibique
581 352 637 417 ¹⁴)
669 350 823 398 densls
852 351 1244 416 intersaepientes
1269 352 1441 401 itinera
1468 368 1618 416 prae—

221 418 451 481 tenturis,
495 420 870 483 provincialium
898 434 946 467 et
972 420 1214 479 viatorum
1243 421 1419 485 opibus
1446 417 1620 484 pasce-

186 487 415 534 5bantur.
498 488 738 537 Excitavit
765 488 847 535 hic
879 487 1026 537 ardor
1056 490 1233 536 milites
1253 508 1340 554 per
1356 487 1622 552 municipia

223 555 459 619 plurima,
496 575 619 622 quae
652 557 827 605 iisdem
858 558 1243 620 conterminant,
1287 555 1545 622 dispositos
1575 569 1624 604 et

225 624 438 672 castella:
481 639 527 672 et
558 627 764 692 quisque
798 625 1037 692 serpentes
1069 626 1211 675 latius
1234 644 1323 692 pro
1347 625 1532 674 viribus
1553 642 1627 673 re-

227 693 409 756 pellere
427 692 632 742 moliens
649 732 661 756 ,
705 714 832 742 nunc
865 696 1022 760 globis
1053 697 1326 757 confertos,
1353 694 1628 760 ‘aliquoties

230 775 278 807 et
302 759 557 826 dispersos,
592 763 906 812 multitudine
927 764 1241 829 superabatur
1261 761 1447 829 ingenti
1463 778 1488 810 :·
1505 779 1630 827 quae

231 843 343 877 nata
373 845 420 877 et
453 829 654 881 educata
691 833 817 880 inter
856 832 1015 881 editos
1056 831 1381 897 recurvosque
1422 832 1633 879 ambitus

234 900 493 960 montium,
527 919 609 948 eos
630 916 684 948 ut
702 903 809 949 loca
830 903 972 967 plana
994 900 1223 967 persultat
1243 917 1291 950 et
1311 901 1495 962 mollia,
1518 898 1636 946 mis·
1689 925 1692 928 ⁴

235 966 401 1015 lilibus
433 970 604 1017 obvios
647 971 834 1018 eminus
874 971 1124 1031 laceffens,
1194 985 1242 1019 et
1279 971 1468 1025 ululatu
1506 968 1637 1017 ,truci

203 1046 527 1099 fiper-terrens.
616 1040 883 1105 Coactique
914 1040 1170 1106 aliquoties
1191 1039 1340 1087 nostri
1363 1037 1551 1104 pedites
1576 1034 1642 1084 ad

242 1121 323 1151 eos
345 1105 706 1171 persequendos
727 1107 955 1159 scandere
976 1110 1128 1158 clivos
1159 1107 1413 1169 sublimeS,
1456 1103 1643 1154 etiamst

240 1172 537 1236 lapsantibus
556 1177 757 1241 plantis,
788 1178 1012 1227 fruticeta
1033 1176 1307 1243 prensando
1338 1177 1416 1224 vel
1447 1174 1643 1232 dumOS,

243 1240 306 1289 ad
336 1245 540 1290 vertices
568 1246 789 1293 venerint
819 1246 1063 1294 summos:
1108 1247 1236 1293 inter
1272 1259 1372 1293 arta
1404 1258 1568 1292 tamen
1596 1255 1646 1291 et

243 1308 374 1359 invia
412 1312 565 1359 nullas
597 1314 723 1360 acics
764 1315 1003 1377 explicare
1040 1314 1278 1378 permiffi,
1324 1330 1414 1360 nec
1451 1314 1649 1361 firmare

244 1377 352 1429 nisu
372 1379 535 1427 valido
559 1381 735 1445 gressus
750 1419 763 1443 ,
803 1381 940 1429 hoste
962 1381 1283 1429 discursatore
1307 1381 1504 1446 rupium
1525 1380 1647 1428 abs-

247 1446 359 1494 ciffa
389 1449 623 1500 volvente
661 1449 893 1515 superne,
944 1450 1216 1516 periculose
1238 1455 1517 1516 :perſsprona
1541 1447 1651 1496 dis-

248 1516 457 1578 cedunt3
495 1532 576 1564 aut
596 1536 653 1565 ex
683 1519 966 1569 necestitate.
986 1519 1157 1566 ultima
1182 1519 1374 1567 fortiter
1404 1517 1653 1566 dimicem·-

250 1598 347 1644 tes,
407 1585 558 1631 ruinis
604 1586 881 1649 ponderum
920 1586 1210 1636 immanium
1228 1587 1651 1636 „consternuntun

212 1662 241 1704 7
254 1652 591 1708 Quamobrem
636 1654 983 1717 circumspecta
1021 1655 1557 1718 cautelaobservatum
1589 1654 1657 1704 est

256 1720 512 1785 deinceps3
553 1735 601 1769 et
629 1740 743 1769 cum
774 1721 902 1772 edita
935 1723 1178 1771 montium
1208 1738 1370 1788 petere
1401 1721 1657 1789 coeperint

255 1788 563 1853 grassatores,
616 1791 715 1838 loci
753 1791 1007 1854 iniquitate
1042 1792 1219 1842 milites
1256 1791 1452 1840 cedunt.
1535 1791 1659 1857 {Ubi

257 1871 419 1910 autem
438 1858 487 1904 in
513 1854 714 1923 planitie
744 1860 991 1924 potuerint
1021 1860 1248 1925 reperiri,
1291 1859 1428 1926 quod
1455 1861 1660 1910 contin-

258 1927 328 1990 git
348 1925 562 1989 adfidue,
597 1946 687 1976 nec
708 1931 1168 1990 exortarelacertos‚
1200 1947 1289 1978 neo
1313 1927 1520 1995 crispare
1540 1947 1660 1994 per-

257 1994 380 2045 miffi
402 1996 496 2045 tela
510 2033 524 2057 ,
553 1997 605 2062 ¹⁵)
627 2016 748 2062 quac
770 1999 954 2047 vehunt
977 1998 1092 2046 bina
1110 1999 1187 2047 vel
1214 2012 1348 2047 terna
1362 2035 1376 2061 ‚
1412 1997 1661 2063 pecudum

261 2064 359 2111 ritu
379 2064 610 2112 inertium
635 2065 954 2116 trucidantur.

226 2139 254 2185 8
357 2131 631 2182 Metuentes
654 2135 800 2199 igitur
820 2134 971 2183 iidem
993 2136 1204 2183 latrones
1222 2135 1519 2204 Lycaoniam
1548 2152 1662 2182 nia-
1725 2143 1727 2210 l

265 2218 357 2264 gna
378 2216 514 2265 parte
535 2205 877 2267 campestrem,
905 2222 1017 2251 cum
1036 2203 1083 2251 se
1115 2205 1323 2270 impares
1352 2203 1524 2255 nostris
1554 2204 1662 2252 fore
1725 2220 1727 2249 ι

265 2270 596 2334 congreffione
625 2272 810 2319 stataria
844 2272 1149 2321 documentis
1188 2273 1524 2339 frequentibus
1563 2271 1664 2319 sci—

269 2352 401 2399 rent,
439 2340 712 2390 tramitibus
736 2341 890 2390 deviis
921 2341 1134 2406 petivere
1168 2341 1532 2408 Pamphyliam,
1554 2339 1664 2391 „diu

270 2407 468 2473 quidem
489 2408 715 2457 intactam
730 2447 742 2468 ‚
774 2408 859 2458 sed
882 2410 1056 2459 timore
1083 2412 1454 2480 populationum
1477 2423 1525 2457 et
1544 2426 1664 2457 cae-

270 2475 434 2535 dium,
469 2477 622 2525 milite
643 2497 729 2543 per
752 2478 914 2526 omnia
935 2477 1107 2526 diffuso
1138 2481 1439 2544 propinqua,
1479 2478 1665 2541 magnis

235 2543 489 2610 qundique
534 2546 780 2612 praesidiis
822 2546 1188 2604 commun-itam.
1277 2547 1471 2611 Raptim
1518 2546 1666 2609 igitur

275 2730 384 2808 ναῐῖἑ)
405 2733 541 2814 :2¹13ssth
561 2734 677 2774 dcnfis
714 2736 807 2792 inter
842 2738 1082 2778 obsidentium
1115 2739 1245 2777 itinera
1288 2737 1539 2789 praetenturis,
1610 2737 1668 2784 15)

340 2801 376 2822 0²
545 2805 552 2814 ¹
