1727 3144
221 153 486 185 VALENT.
530 154 659 186 VAL.
706 153 780 184 ET
813 152 1109 185 GRA'MAN.
1184 142 1297 202 571.
1401 141 1501 186 525

85 263 410 325 Theodofiusj
436 263 498 310 ad
538 263 747 311 fundum
791 263 991 312 veniffet
1031 264 1230 312 nomine
1277 266 1502 312 Mazuca-

80 352 227 393 num,
260 333 432 380 exustis
453 332 782 381 desertoribus
809 334 1002 398 paucis,
1042 333 1248 397 aliisque
1280 334 1342 380 ad
1361 335 1496 396 sagit-

82 406 318 450 tariorum
348 404 651 468 exemplum,
700 403 878 467 quibus
906 420 1078 449 manus
1100 402 1350 466 ademptae
1372 404 1494 463 l'unt,

79 471 438 533 contruncatis,
517 471 747 535 Tipatam
814 470 975 519 mense
1025 472 1292 519 Februario
1346 474 1493 518 venit.

78 540 182 587 Ubi
220 539 401 588 diutius
432 559 599 606 agens,
648 556 703 587 ut
732 541 960 606 antiquus
997 541 1078 587 ille
1114 555 1370 587 cunctator
1406 558 1492 603 pro
1516 554 1572 596 32

79 609 280 673 negotio
307 610 637 667 consultabat,
677 610 968 656 commentis
1000 610 1163 673 potius
1201 624 1247 655 et
1284 609 1496 674 pruden-

77 678 171 738 tia,
210 697 358 744 quam
393 679 674 742 periculolis
704 678 1057 741 congressibns,
1099 678 1284 724 hostem
1316 696 1497 742 pugna-

77 765 185 794 cem
218 762 264 794 et
292 747 357 811 ²⁶²)
396 748 756 811 impetrabilem
791 746 922 791 iactu
949 747 1185 804 telorum,
1235 747 1266 792 li
1292 749 1393 794 fors
1414 765 1497 793 co-

75 817 209 879 piam
244 814 463 874 dederit,
513 813 838 877 oppress'urus.
921 814 1144 861 Mittebat
1182 829 1338 861 tamen
1377 814 1495 862 adli·
1515 824 1570 867 33

77 884 173 931 due
205 881 440 930 suadendi
468 881 708 947 quosdam
746 883 929 946 peritos
957 883 1019 929 ad
1050 898 1216 946 gentes
1250 884 1494 930 circumli-

74 966 172 1014 tas,
202 953 428 1012 Baiuras,
464 955 523 1016 ²³)
547 952 922 1012 Cantaurianos,
960 952 1322 1012 Auastomates,
1358 955 1496 1000 Cafa-

73 1040 183 1083 veS,
215 1022 556 1086 Davaresque,
601 1035 648 1067 et
683 1020 919 1067 finitimos
945 1021 1092 1080 alios,
1138 1038 1266 1068 nunc
1298 1022 1494 1083 timore,

73 1109 204 1138 nunc
232 1091 445 1137 nummis
474 1108 556 1137 eos
587 1088 650 1136 ad
680 1089 957 1136 societatem
991 1090 1233 1149 alliciens,
1280 1094 1495 1138 veniam-

75 1178 171 1225 que
192 1159 486 1224 petulantiae
508 1159 758 1205 interdum
783 1158 846 1222 ²⁴)
869 1159 1224 1223 promittendo,
1255 1177 1364 1206 cum
1403 1166 1432 1191 *
1462 1164 1493 1192 *

75 1229 304 1276 tultorius
330 1245 416 1291 per
450 1229 672 1292 ambages
706 1241 752 1275 et
782 1244 941 1275 moras
970 1227 1157 1274 hostem
1187 1228 1492 1292 frangentem

73 1297 186 1345 suos
226 1298 439 1361 impetus
469 1296 802 1362 oppreffurus,
857 1311 911 1343 ut
943 1296 1191 1362 quondam
1227 1297 1493 1363 Pompeius

78 1365 439 1417 Mithridatem.

181 1436 293 1491 Qua
322 1434 462 1481 causa
504 1434 752 1482 declinans
791 1435 1057 1499 perniciem
1089 1434 1360 1498 proximam
1394 1435 1495 1482 Fir-
1511 1446 1570 1500 34

76 1522 210 1564 mus,
255 1504 371 1551 licet
399 1503 751 1568 praesidiorum
784 1504 1118 1568 magnitudine
1143 1505 1514 1561 communitus,

77 1575 243 1621 relicta
269 1574 440 1637 plebe,
475 1592 618 1638 quam
641 1588 864 1638 coegerat
890 1592 1060 1637 magna
1085 1573 1337 1632 mercede,
1373 1591 1494 1638 quo-

75 1643 208 1689 niam
228 1642 412 1689 latendi
434 1643 630 1706 copiam
661 1657 898 1690 nocturna
929 1643 1066 1707 quies
1105 1643 1272 1705 dedit,
1318 1644 1495 1705 Capra-

78 1710 257 1759 rienses
297 1725 487 1759 montes
520 1712 665 1775 longe
696 1727 910 1760 remotos
943 1712 1239 1776 penetravit,
1287 1724 1332 1757 et
1364 1711 1493 1756 diru-

74 1780 173 1844 ptis
217 1780 422 1844 rupibus
462 1780 739 1829 inaccessos.
824 1782 995 1829 Cuius⁴
1018 1782 1155 1828 abitu
1191 1779 1488 1827 clandestino
1510 1782 1568 1827 55

72 1849 342 1896 multitudo
383 1847 621 1914 dispersa,
674 1850 772 1897 fine
809 1864 998 1898 rectore
1037 1850 1364 1913 particulatim
1401 1847 1491 1894 dif-

74 1919 258 1977 fluens,
302 1917 565 1966 invadendi
594 1920 697 1966 eius
726 1920 874 1966 castra
911 1918 1083 1966 nostris
1116 1919 1309 1982 copiam
1332 1916 1489 1963 dedit.

74 1986 264 2051 Hisque
284 1985 512 2050 direptis,
547 2000 595 2034 et
614 1988 906 2048 interfectis,
943 1988 1028 2051 qui
1054 1986 1331 2035 relistebant
1349 2021 1361 2045 ,
1411 1987 1490 2032 vel

72 2055 123 2100 in
159 2054 463 2103 deditionem
501 2056 739 2120 acceptis,
801 2056 1058 2120 regionum
1104 2057 1309 2102 maxima
1351 2068 1487 2117 parte

71 2124 281 2181 vastata,
327 2124 576 2187 gentibus,
624 2142 711 2189 per
743 2144 860 2191 quas
892 2125 1127 2172 transibat
1165 2124 1261 2169 dux
1298 2122 1487 2169 consul-

72 2191 292 2250 tillimus,
327 2191 552 2255 adposuit
571 2193 690 2241 fidei
713 2208 992 2259 compertae
1019 2193 1305 2258 praefectos.
1378 2191 1484 2238 Hac
1506 2198 1565 2242 56

72 2261 276 2324 inopina
323 2260 557 2324 sequendi
609 2263 907 2312 confidentia
954 2262 1146 2309 territus
1200 2259 1481 2324 perduellis,

71 2330 220 2377 servis
239 2331 586 2377 comitantibus
607 2333 797 2395 paucis,
828 2331 1034 2396 digrell'u
1066 2330 1212 2377 celeri
1240 2329 1485 2375 consultu-

79 2417 158 2445 rus
187 2397 354 2460 saluti,
395 2417 455 2447 ne
483 2418 582 2464 quo
603 2401 970 2466 praepediretur
999 2398 1268 2459 obstaculo,
1303 2398 1484 2445 abiecit

75 2467 394 2531 pretiosarum
439 2468 644 2516 sarcinas
691 2469 984 2534 specierum,
1029 2487 1146 2532 quas
1180 2467 1236 2531 ²⁵)
1265 2480 1484 2514 avexerat

77 2536 255 2592 secum.
326 2537 544 2586 Uxorem
566 2557 774 2604 namque
795 2540 958 2588 sellam
982 2538 1149 2585 labore
1170 2537 1405 2583 continuo
1437 2550 1485 2584 et

125 2723 187 2766 22)
212 2725 263 2758 al.
293 2725 614 2772 impenetrabilem.
680 2731 739 2773 23)
765 2731 816 2763 al.
844 2725 1094 2761 Cantorianos.
1146 2725 1211 2769 24)
1237 2722 1304 2757 Ms.
1334 2722 1482 2771 promit-

79 2768 189 2802 tendo
204 2783 283 2804 cum
304 2773 525 2811 (ltialacama
537 2775 869 2817 triumlirzearum.)
890 2773 1054 2808 tultorius
1074 2784 1149 2819 per.
1178 2776 1237 2819 25)
1250 2775 1299 2807 ul.
1321 2786 1471 2808 auxerat.
