1727 3144
232 154 662 200 coxsTANTan
714 169 786 200 ET
846 169 1165 200 ιυῐᾸΑκυε,
1239 160 1354 204 ob'o.
1430 158 1523 205 '251

108 279 263 327 lutea:
311 277 368 344 ¹⁶)
400 278 607 343 punicea
639 277 805 338 tertia,
850 278 986 343 quod
1015 276 1130 325 solis
1158 278 1368 328 obnoxia
1389 285 1529 332 clari-

107 349 295 408 tudini,
348 366 440 412 ·pro
475 351 530 413 17)
578 347 908 411 receptatione
945 347 1147 413 spiritus¹
1175 349 1391 414 fulgores
1425 355 1526 401 eius

109 418 168 482 ²⁸)
182 416 417 481 puriffimi
432 435 456 464 e
479 418 674 482 regione
701 416 932 464 deflorat:
953 431 1122 481 quarta
1145 416 1259 464 ideo
1275 420 1331 479 ¹⁹)
1345 437 1526 484 purpu-

105 500 202 546 rat,
248 486 385 552 quod
404 487 741 534 intermicante
774 485 1116 550 adsperginum
1139 485 1399 549 densitate,
1436 506 1524 553 per

106 573 225 619 quas
267 557 475 604 moritur
510 556 771 602 ,radiorum
812 555 876 620 zo)
912 554 1170 620 splendor,
1214 556 1522 622 conspiciens

104 623 310 672 offendit
340 624 622 688 adspectum
655 627 882 671 flammeo
915 625 1229 690 propiorem:
1274 627 1360 691 qui
1381 627 1522 674 color

102 707 287 756 quanto
318 694 470 756 magis
511 692 827 754 diffunditur,
888 692 1118 741 concedit
1146 693 1198 741 in
1240 696 1519 743 caeruleum

104 775 152 808 et
187 776 442 808 vlrentem.

165 829 484 876 Arbitrantur
511 828 617 890 alii,
658 843 774 877 tunc
796 829 935 877 iridis
960 831 1168 878 formam
1188 833 1335 881 rebus
1368 832 1515 898 adpa-
1535 854 1591 897 29

99 914 205 945 rere
234 897 521 957 mundanis,
567 916 678 945 cum
712 899 851 947 altius
884 900 1070 948 delatae
1094 901 1215 948 nubi
1236 901 1414 950 craffae
1444 922 1515 950 ra-

101 965 172 1013 'dii
198 966 312 1014 solis
332 967 477 1015 infufi
497 968 658 1014 lucem
676 968 934 1017 iniecerint
953 968 1197 1034 liquidam
1216 990 1223 1018 z
1263 990 1384 1036 quae
1409 990 1512 1019 nou

98 1037 346 1099 reperiens
386 1037 594 1098 exitum,
655 1038 707 1084 in
739 1037 787 1085 se
831 1039 1123 1102 conglobata
1160 1040 1314 1087 nimio
1353 1039 1511 1105 splen-

96 1103 250 1152 descit
275 1105 483 1153 adtritu:
528 1120 575 1153 et
602 1106 850 1170 proximos
882 1107 1084 1173 quidem
1112 1109 1224 1156 albo
1260 1110 1450 1157 colores
1482 1128 1510 1156 a

93 1172 194 1221 sole
230 1175 515 1222 sublimiore
555 1175 803 1240 decerpit:
856 1177 1130 1224 subvirides
1162 1196 1279 1226 vero
1309 1197 1335 1224 a
1364 1178 1510 1225 nubis

92 1242 409 1291 fimilitudine
428 1243 724 1307 superiectae
743 1264 752 1292 :
783 1259 839 1292 ut
857 1246 908 1292 in
934 1247 1056 1292 mari
1077 1245 1199 1293 solet
1217 1245 1305 1292 usu
1327 1247 1509 1307 venire,

91 1313 182 1358 ubi
202 1311 438 1359 candidae
462 1311 573 1359 sunt
599 1313 787 1374 undae,
820 1331 941 1377 quae
964 1314 1212 1362 littoribus
1232 1314 1507 1377 illiduntur,

93 1380 351 1427 interiores
370 1380 468 1427 fine
487 1381 586 1427 ulla
607 1381 923 1428 concretione
949 1383 1213 1430 caeruleae.

193 1448 258 1496 Et
295 1449 530 1514 quoniam
566 1447 805 1495 indicium
847 1450 911 1496 est
939 1451 1309 1513 permutationis
1345 1469 1504 1512 aurae,
1526 1465 1582 1508 50

93 1519 179 1583 (ut
212 1517 450 1583 diximus)
482 1535 508 1564 a
534 1518 591 1582 ²¹)
611 1516 734 1565 sudo
763 1525 872 1565 aere
898 1520 1106 1566 nubium
1132 1521 1383 1566 concitans
1405 1521 1507 1583 glo-

90 1588 209 1648 bos,
256 1601 338 1633 aut
367 1600 537 1633 contra
565 1602 621 1632 ex
651 1601 884 1633 concreto
915 1585 978 1651 23)
1013 1587 1274 1635 immutans
1310 1589 1360 1633 in
1379 1586 1504 1635 sere-

87 1674 203 1703 nam
241 1655 476 1703 laetitiam
511 1655 729 1714 caelum3
792 1654 906 1701 ideo
934 1653 1068 1718 apud
1096 1670 1265 1719 poetas
1296 1656 1502 1719 legimus

87 1726 149 1784 ²³)
167 1724 308 1788 saepe
323 1761 336 1786 7
371 1723 492 1770 Irim
513 1721 573 1769 de
594 1723 730 1770 caelo
752 1722 909 1780 mitti,
945 1741 1060 1770 cum
1083 1725 1410 1788 praesentium
1430 1742 1502 1771 re-

87 1813 198 1843 rum
228 1793 351 1841 verti
379 1791 563 1840 necesse
592 1790 651 1839 fit
677 1792 838 1839 status.
920 1793 1202 1857 Suppetunt
1231 1793 1350 1840 aliae
1379 1794 1501 1839 mul-

86 1879 164 1911 tae
196 1862 454 1926 opiniones
482 1875 529 1909 et
564 1861 749 1922 variae,
802 1880 921 1927 quas
951 1862 1259 1910 dinumerare
1281 1881 1410 1909 nunc
1433 1862 1499 1909 est

82 1932 461 1997 supervacuum,
518 1930 794 1978 narratione
850 1929 1036 1992 redire,
1101 1931 1235 1980 unde
1295 1930 1498 1995 digressa

88 2001 176 2067 est,
233 2000 501 2050 festinante.
591 1999 682 2046 His
729 2019 783 2047 ae
834 2000 1010 2046 talibus
1049 2000 1326 2064 Imperator
1370 2000 1497 2047 inter
1515 2011 1566 2053 51

82 2070 219 2135 spem
262 2084 546 2134 metumque
585 2068 880 2129 iactabatur,
927 2069 1289 2133 ingravescente
1319 2069 1496 2116 hiemis

85 2139 446 2203 magnitudine,
501 2139 573 2204 ⁴²⁴)
619 2136 949 2203 suspectisque
1006 2156 1093 2202 per
1135 2139 1269 2186 avios
1314 2151 1494 2185 tractus

82 2207 300 2255 insidiis:
379 2207 506 2254 inter
551 2225 675 2272 quae
717 2207 777 2272 ²⁵)
818 2208 963 2255 etiam
1001 2208 1267 2253 tumultum
1308 2206 1498 2268 exaspe-

84 2278 176 2325 rati
225 2275 393 2323 militis
446 2277 720 2329 verebatur.
831 2278 992 2339 Super
1041 2275 1119 2322 his
1168 2276 1341 2323 urebat
1391 2275 1494 2321 eius

84 2346 275 2393 anxiam
318 2358 562 2404 mentem,
622 2343 760 2410 quod
798 2346 931 2395 velut
966 2345 1204 2409 patefacta
1244 2344 1388 2391 ianua
1427 2341 1497 2389 di-

83 2415 194 2463 vitis
232 2413 438 2472 domus,
478 2413 642 2460 irritus
681 2413 919 2478 propositi
952 2426 1290 2461 reverteretur.

133 2551 191 2590 16)
224 2549 292 2584 ΜΓ.
328 2548 445 2596 picea.
524 2549 580 2592 ¹7)
610 2545 678 2582 ΜΓ.
714 2558 780 2600 pro
812 2547 1033 2582 reticatione.
1070 2591 1076 2598 .
1106 2548 1170 2598 ’18)
1201 2543 1271 2580 Mt.
1300 2541 1487 2591 purissimi.

90 2597 149 2641 19)
176 2596 301 2642 Sceph.
327 2607 521 2643 purpurea.
571 2606 629 2629 20·
664 2595 730 2627 Ml.
762 2593 930 2640 splendor
955 2591 1191 2645 couspmwns.
1259 2594 1326 2636 21)
1356 2592 1405 2642 al:
1437 2588 1489 2623 su-

89 2639 176 2675 dore
213 2646 304 2675 aere.
366 2648 426 2680 22)
463 2639 530 2676 ΜΓ.
568 2650 719 2674 mutans.
778 2643 841 2685 23)
868 2640 906 2672 in
941 2637 1007 2673 Ms.
1037 2649 1086 2671 xta
1117 2638 1178 2672 luc
1211 2634 1311 2670 locus
1337 2635 1486 2681 legttur:

84 2687 253 2731 Legimus
288 2687 457 2721 nimirum
493 2687 538 2720 de
575 2685 673 2719 caelo
705 2686 790 2719 hinc
827 2686 913 2719 verti
950 2683 1087 2718 nouvffe
1127 2683 1218 2717 mitti
1255 2696 1336 2717 cum
1373 2681 1485 2730 praes.

88 2738 148 2774 243
175 2734 240 2766 ΜΓ.
266 2732 370 2781 super
397 2746 458 2768 eos
486 2746 577 2779 quae
595 2746 664 2781 per
695 2733 823 2766 axia-tio
848 2732 1006 2767 [hamus.
1064 2734 1123 2779 25)
1149 2730 1256 2765 etiam
1281 2756 1287 2763 .
1313 2755 1320 2763 .
1346 2755 1352 2762 .
1380 2756 1385 2762 .
1409 2741 1489 2762 cum

91 2776 207 2826 exasp.

195 2829 211 2850 ο

164 2942 195 2987 ἁδ
