1727 3144
223 189 257 221 92*
455 187 729 220 AMMIANt
771 186 1156 218 MARCELLINI
1201 186 1310 231 XIV,
1373 187 1414 217 1.

220 312 269 348 et
291 297 396 346 dira
418 295 635 345 facinora
658 293 870 344 Caesaris
889 295 1021 344 Galli
1041 312 1051 342 :
1083 294 1169 359 qui
1203 289 1264 344 ex
1292 294 1519 360 squalore
1550 295 1624 342 ni-

221 366 322 415 mio
350 364 678 426 miseriarum,
722 365 772 411 in
814 363 979 412 aetatis
1020 362 1212 412 adultae
1253 364 1509 429 primitiis,
1557 362 1622 410 ad

219 435 488 501 principale
515 433 710 482 culmen
738 432 982 498 insperato
1011 433 1147 480 cultu
1178 447 1464 498 provectus,
1495 433 1620 480 ultra

222 507 455 553 terminos
485 502 732 568 potestatis
767 502 950 551 delatae
989 520 1312 566 procurrens,
1366 501 1621 566 asperitate

221 573 370 621 nimia
388 587 565 621 cuncta
585 571 829 620 foedabat.
901 570 1275 637 Propinquitate
1302 570 1431 618 enim
1460 571 1620 634 iegiae

220 642 404 707 stirpis,
443 641 809 707 gentilitateque
841 640 879 705 ³)
911 640 1164 689 etiamtum
1201 607 1541 689 Constantinin
1537 655 1623 685 no-

220 711 368 759 minis
399 710 728 759 efferebatur
716 727 768 756 m
796 709 965 771 fastus,
1008 708 1044 756 fi
1073 710 1180 775 plus
1199 707 1446 769 valuisset,
1485 706 1623 754 ausu-

221 799 301 827 lus
321 778 546 828 hostilia·
534 797 584 825 111
610 792 861 826 auctorem
882 777 991 826 suae
1023 778 1296 839 felicitatis,
1341 791 1397 825 ut
1423 775 1622 824 videba-

180 859 315 896 2tur.
385 848 535 896 Cuius
566 848 820 895 acerbitati
849 859 1144 911 uxor=grave
1173 845 1428 895 accesserat
1457 845 1622 892 incen-

216 918 399 977 tivum,
435 916 751 981 germanitate
774 915 978 980 Augusti
1003 915 1196 979 turgida
1226 915 1368 979 supra
1397 913 1622 974 modum,

219 1004 366 1051 quam
386 985 748 1033 Hannibaliano
767 985 894 1049 regi,
928 985 1089 1032 fratris
1109 986 1231 1046 filio,
1265 983 1471 1032 antehac
1494 984 1623 1031 Con-

218 1054 482 1103 stantinus
470 1068 691 1101 iunxerat
709 1068 862 1119 pater.
933 1053 1160 1118 Megaera
1182 1051 1422 1118 quaedam
1443 1065 1623 1100 morta-

143 1169 147 1173 .
216 1123 301 1184 lis,
356 1122 706 1171 inflammatiix
746 1122 998 1171 saevientis
1022 1090 1084 1188 0⁴)
1131 1121 1354 1182 adsidua,
1413 1118 1620 1168 humani

216 1210 266 1240 ei
273 1192 404 1238 uoris
426 1190 566 1240 avida
587 1192 712 1239 nihil
729 1191 894 1239 mitius
917 1210 1064 1256 quam
1085 1191 1302 1251 maritus,
1333 1190 1419 1255 qui
1439 1190 1622 1253 paulla-

216 1262 305 1307 tim
335 1259 625 1307 eruditioies
653 1260 769 1306 facti
795 1260 1019 1323 process'u
1059 1259 1293 1323 temporis
1331 1258 1394 1305 ad
1440 1275 1620 1305 nocen-

218 1326 362 1386 dum,
413 1346 500 1392 per
546 1326 870 1375 clandestinos
911 1326 1228 1391 veisutosque
1277 1327 1619 1394 iumigeiulos,

213 1396 479 1461 compertis
498 1396 588 1443 lev
564 1410 669 1443 7ἰιει
668 1394 867 1442 addere
888 1393 1130 1460 quaedam
1148 1396 1272 1442 male
1291 1394 1476 1455 suetos,
1506 1392 1621 1441 falsa

215 1480 263 1513 et
282 1465 506 1530 placenti
497 1485 523 1511 ι
541 1464 632 1511 fibi
650 1463 906 1525 discentes7
937 1463 1169 1512 adfectati
1191 1464 1326 1527 regni
1346 1464 1422 1512 vel
1442 1463 1619 1510 artium

211 1533 536 1582 nefandarum
590 1533 855 1594 calumnias
910 1531 1182 1579 insontibus
1237 1534 1273 1599 ⁵)
1324 1531 1617 1596 adfigebant.

176 1603 434 1650 ZEminuit
460 1614 622 1647 autem
652 1595 779 1646 inter
809 1600 1040 1661 humilia,
1078 1601 1413 1665 supergressa
1403 1612 1506 1657 'lam
1534 1617 1620 1665 po-

215 1670 364 1718 tentia
396 1671 518 1722 fines
548 1666 874 1715 mediocrium
908 1668 1228 1729 delictorum,
1278 1669 1489 1716 nefanda
1512 1670 1619 1718 Cle-

214 1738 351 1787 matii
369 1735 623 1785 cuiusdam
644 1735 964 1784 Alexandrini
983 1737 1165 1783 nobilis
1183 1755 1315 1784 mors
1336 1734 1617 1802 repentina:

215 1809 354 1855 cuius
385 1806 551 1855 socius
591 1824 705 1852 cUnl
747 1803 940 1852 misceii
973 1803 1065 1852 fibi
1102 1824 1359 1869 gencium
1408 1807 1617 1871 flagrans

214 1878 317 1925 eius
339 1893 534 1932 amone,
569 1891 668 1921 non
690 1874 997 1937 impetraiet,
1030 1889 1087 1923 ut
1107 1875 1378 1935 fetebatm,
1415 1893 1501 1939 per
1535 1895 1617 1939 pa-

209 1946 314 1993 latii
336 1942 761 2009 pseudothyrum
750 1940 1057 2004 introducta,
1102 1944 1268 1993 oblato
1286 1943 1511 2006 pretioso
1545 1962 1617 1992 re-

212 2015 351 2078 ginae
381 2012 554 2061 monili
582 2011 636 2057 id
663 2010 928 2076 adsequuta
956 2011 1050 2071 est,
1090 2026 1146 2059 ut
1184 2012 1247 2059 ad
1283 2013 1612 2073 Honoratum,

214 2096 316 2129 tum
338 2081 581 2129 Comitem
602 2080 843 2140 Orientis,
877 2048 1088 2127 formula
1109 2080 1243 2128 mifla
1269 2081 1307 2147 6)
1327 2082 1485 2143 letali,
1522 2081 1612 2129 ho-

210 2168 295 2198 mo
327 2149 504 2197 sceleie
537 2149 674 2195 nullo
714 2163 966 2195 contactus
1005 2148 1137 2196 idem
1177 2150 1311 2198 Clem
1301 2150 1471 2215 atius,
1521 2167 1618 2199 nec.

212 2219 396 2267 hiscere
418 2236 507 2265 nec
526 2212 667 2282 loqui
685 2216 961 2282 pennillus,
998 2217 1194 2266 occider
1199 2233 1318 2266 etur.

172 2302 202 2355 4
311 2287 424 2335 Post
444 2286 572 2333 hoc
560 2287 709 2350 impie
738 2300 932 2350 pe1·.·pe11
936 2299 1091 2347 atum,
1129 2288 1297 2352 quod
1286 2306 1333 2333 m
1363 2286 1469 2334 aliis
1491 2299 1621 2351 quo-¹

209 2357 428 2421 quoiam
449 2356 730 2415 timebatur,
761 2369 1007 2419 tamquam
1026 2355 1220 2402 licentia
1242 2355 1517 2403 crudelitati
1541 2354 1613 2400 in-

212 2426 376 2487 dulta⁷
419 2442 505 2489 per
538 2423 866 2487 suspicionum
899 2424 1098 2470 nebulas
1135 2424 1365 2472 aestimati
1405 2422 1609 2488 quidam

208 2495 342 2541 noxii
364 2493 717 2541 damnabantur
733 2507 755 2538 ε·
774 2504 983 2556 quorum
1002 2511 1110 2556 pars
1132 2494 1312 2554 necati,
1348 2493 1429 2539 alii
1448 2491 1608 2556 puniti

211 2562 456 2610 honorum
474 2562 786 2623 multatione,
820 2561 1011 2624 actique
1034 2560 1217 2609 laribus
1244 2562 1338 2608 suis
1371 2575 1626 2621 extorress

255 2749 290 2791 3)
321 2719 775 2798 Steph.‹·1iamnuin.4)
801 2749 902 2797 vulg.
934 2742 1081 2790 affitlue.
1143 2750 1186 2799 5)
1214 2737 1282 2786 ΜΓ.
1301 2729 1515 2797 ειάἱῖςεῐιειιιῖἶ
1563 2748 1604 2796 6)

208 2794 258 2827 nl
287 2792 410 2828 lethali
431 2794 939 2830 odio..
959 2824 965 2829 .
