1727 3144
244 157 704 194 VALENTINIAN.
736 156 812 188 ΕΤ
847 156 1100 190 VALENS.
1176 149 1289 195 565.
1394 161 1489 211 4¹7

73 287 273 336 quoque
293 269 623 346 Procopium
626 267 820 316 infausti
853 266 1132 317 dominatus
1165 271 1360 319 exordia
1390 294 1491 323 mo-

71 341 299 401 lientem,
333 337 504 386 attenti
525 337 588 385 ad
608 354 752 386 omne
775 337 1127 401 compendium
1149 340 1486 390 defendciunt.

174 377 352 456 Stetit
341 422 506 473 itaque
525 406 812 455 subtabidus
836 408 1065 473 (excitum
1100 423 1292 473 putates
1327 411 1428 455 ab
1420 430 1486 457 tn-

70 477 207 542 feris)
249 496 490 543 nusquam
521 491 714 541 reperto
756 478 1128 541 paludamento,
1174 479 1334 525 tunica
1369 497 1485 527 auro

73 546 304 594 distincta
333 561 386 594 ut
419 547 578 611 regius
614 546 852 606 minister,
899 546 1099 594 indutus
1124 566 1149 594 a
1178 549 1308 594 calce
1329 547 1376 593 in
1401 568 1487 612 pu-

70 615 186 662 bem
237 617 288 662 in
344 614 694 680 paedagogiani
739 615 880 680 pueri
929 615 1167 679 speciem,
1226 619 1484 681 purpureis

72 699 271 748 opertus
324 685 620 748 tegminibus
679 684 887 747 pedum:
952 684 1262 750 hastatusque
1303 705 1486 750 purpu-

71 771 209 801 reum
234 753 407 801 itidem
439 752 709 816 pannulum
733 752 868 799 laeva
897 770 1045 799 manu
1074 755 1309 817 gestabat,
1352 769 1406 802 ut
1430 757 1482 803 in

71 821 296 869 theatrali
318 821 457 868 scena
479 819 786 868 fimulacrum
806 821 1059 885 quoddam
1080 824 1262 886 inligne
1284 842 1373 888 per
1404 845 1484 873 au-

69 883 230 937 laeum
270 891 349 937 vel
388 889 637 936 mimicam
683 889 1044 938 cavillationem
1081 890 1244 940 subito
1287 908 1482 958 putares

70 959 325 1007 emersum.
411 958 494 1005 Ad
526 958 657 1005 hoc
643 959 793 1023 Igitul
815 957 1300 1009 dehonestamentum
1328 963 1483 1013 hono-

69 1047 177 1075 ium
217 1029 440 1076 omnium
483 1026 811 1075 111dib1iose¹
816 1030 848 1092 ¹)
884 1027 1117 1089 sublatus,
1177 1045 1223 1078 et
1263 1034 1481 1082 ancillast

68 1096 350 1145 adulatione
381 1095 607 1145 beneficii
642 1097 921 1161 alloquutus
960 1112 1210 1160 ammones,
1262 1118 1480 1166 opesque

67 1167 316 1231 pollicitus
335 1167 516 1231 amplas
538 1179 591 1212 et
605 1163 863 1228 dignitates
891 1167 955 1213 ob
986 1167 1286 1232 principatus
1318 1190 1371 1233 pn
1379 1173 1482 1220 imi-

65 1236 182 1296 tias‚
215 1236 477 1300 procellit
467 1253 515 1281 tn
550 1235 805 1298 publicum
835 1236 1150 1284 multitudine
1181 1238 1379 1301 stipatus
1411 1262 1483 1288 ar-

65 1322 290 1351 moiumz
344 1304 585 1368 [ignisque
636 1301 834 1351 sublatis
876 1306 1080 1352 eiectius
1122 1306 1190 1354 ine
1228 1311 1476 1372 13e1·g‹e;,b1t

64 1373 442 1420 citcumclaulus
486 1371 734 1419 horrendo
768 1373 958 1435 fragore
993 1374 1238 1422 leuton-tun
1270 1378 1476 1438 lugubre

65 1443 496 1506 concrepantium,
552 1459 675 1506 quae
711 1457 1010 1520 metuentes,
1050 1462 1107 1490 ne
1140 1463 1165 1490 a
1194 1445 1476 1495 cellimibus

64 1510 204 1559 tectis
227 1510 345 1558 saxis
364 1512 440 1558 vel
464 1511 731 1574 tegularum
757 1511 859 1557 ἱιειυ
834 1512 1038 1574 ζςιιιεειηίε
1061 1513 1473 1579 conflictmweuuu,

64 1578 254 1628 denfius
279 1578 443 1644 ipfisb
419 1579 661 1626 ualearum
686 1550 859 1625 οιίΙὶίεῦ
862 1582 1104 1643 aptabant.
1247 1592 1250 1595 “

170 1648 298 1695 Huic
332 1647 604 1694 intimidius
636 1647 883 1695 incedenti
917 1667 1006 1696 nec
1039 1649 1279 1697 ielistebat
1318 1671 1473 1716 popu-

61 1719 162 1778 lus,
200 1735 289 1765 nec
323 1718 539 1765 favebat:
583 1718 941 1764 accendebatur
970 1732 1126 1766 tamen
1150 1719 1282 1765 inlita
1308 1723 1475 1784 [leiis-

64 1805 160 1853 que
197 1786 463 1850 vulgarium
505 1786 731 1832 novitatis
760 1788 1010 1850 iepeuti'na
1044 1788 1370 1850 iucunditate,
1418 1809 1473 1839 ea

64 1875 116 1904 re
142 1857 305 1919 potius
332 1855 588 1914 incitante,
630 1854 765 1917 quod
796 1857 1107 1918 Petronium,
1153 1872 1204 1904 ut
1236 1860 1475 1921 praedixi-

65 1943 199 1985 mus,
248 1923 440 1970 divitias
473 1924 712 1970 violenter
755 1943 811 1970 au
819 1940 1041 1988 ‹rentem‚
1094 1944 1261 1974 omnes
1300 1929 1471 1976 eadem

64 2008 227 2042 mente
251 1992 634 2052 detestabantu17
664 1992 749 2056 qui
782 1994 965 2056 sepulta
998 1994 1285 2043 iamdudum
1326 2017 1471 2061 nego-

65 2065 159 2124 tia,
196 2076 244 2109 et
268 2060 505 2109 redivivas
530 2061 728 2108 nebulas
759 2061 1081 2109 debitoium
1071 2083 1118 2110 1n
1153 2065 1366 2113 (livet-los
1396 2086 1470 2113 οι-

1506 428 1558 471 15

68 2132 205 2179 dines
226 2131 479 2178 excitabat.
552 2131 710 2179 Cum
697 2144 862 2196 itaque
888 2133 1096 2179 tiibunal
1122 2133 1253 2181 idem
1276 2135 1468 2181 ε-ιάΓςριι
1487 2144 1535 2186 18

25 2212 27 2216 ’
67 2200 207 2248 disset
226 2199 520 2263 Procopius,
556 2213 628 2260 ct,
670 2200 856 2247 cunctis
882 2201 1074 2266 stupore
1106 2203 1300 2262 defixis,
1334 2205 1469 2250 timc-

65 2285 198 2319 retur
224 2267 466 2315 filentium
496 2267 653 2315 triste:
692 2270 1038 2332 procliviorem
1077 2272 1202 2318 viam
1240 2271 1301 2317 ad
1340 2290 1469 2320 mor.

65 2354 163 2388 tem
184 2339 257 2403 (ut
275 2335 515 2400 sperabat)
538 2335 802 2386 existimans
822 2339 1061 2387 adveniss'e
1076 2377 1087 2399 ‚
1121 2358 1206 2404 per
1229 2355 1356 2386 artus
1378 2356 1469 2389 tre-

68 2425 206 2457 more
239 2404 412 2453 diffuso
447 2406 743 2470 implicatior
772 2407 833 2454 ad
863 2407 1191 2472 loquendum,
1240 2408 1323 2454 diu
1357 2412 1470 2457 taci-

69 2493 146 2525 tus
181 2476 332 2524 stetit:
382 2493 541 2539 pauca
577 2489 734 2523 tamen
774 2477 1041 2541 interrupta
1089 2491 1136 2522 et
1174 2478 1468 2528 moribunda

71 2565 192 2594 voce
212 2545 374 2593 dicere
399 2545 496 2591 iam
525 2543 745 2606 exorsus,
790 2547 967 2610 quihus
998 2546 1154 2608 stirpis
1185 2547 1472 2611 propinqui-

72 2629 217 2663 tatem
256 2613 597 2679 imperatoriae
643 2615 1016 2678 praetendebat,
1062 2614 1160 2662 leni
1201 2634 1469 2680 paucorum

119 2780 182 2828 ιι)
211 2780 260 2814 al.
294 2778 451 2821 sublatio.

165 2832 168 2835 ’
762 2823 807 2874 D
832 2824 865 2873 d
