1727 3144
194 198 290 258 294
430 207 699 254 ,nmmum
741 207 1134 243 mancianum
1169 209 1297 258 xxu,
1338 209 1415 242 11.
1460 209 1540 243 12.

509 287 523 307 »²

154 338 181 378 9
295 322 519 385 Cumque
550 337 609 368 eo
637 317 932 367 Dracontius
955 332 1181 365 monetae
1202 320 1525 383 praepositus,
1558 331 1608 369 et

197 389 450 441 Diodorus
489 387 689 454 quidam
717 386 864 434 veluti
900 387 1104 447 Comes,
1148 387 1339 437 iniectis
1360 408 1445 454 per
1467 409 1608 438 crura

200 460 400 508 funibus
429 458 571 507 limul
602 453 858 505 exanimati
886 455 1022 503 l'untt
1063 456 1163 516 ille,
1215 457 1352 521 quod
1383 477 1511 506 aram
1554 460 1607 506 in

202 542 422 587 moneta,
475 545 622 592 quam
664 526 890 589 regebat,
954 541 1122 572 recens
1164 525 1374 581 locatam
1408 528 1606 576 evertit:

206 598 351 658 alter,
393 599 553 660 quod,
595 595 712 643 dum
745 592 1073 642 aedificandae
1106 594 1336 658 praeesset
1365 595 1609 658 ecclesiae,

205 667 360 713 cirros
393 682 657 729 puerorum
693 664 916 710 licentius
952 660 1276 724 detondebat,
1326 664 1379 711 id
1413 682 1613 730 quoque

140 754 191 782 10
208 736 268 783 ad
296 735 502 782 deorum
523 734 708 781 cultum
732 732 1001 780 existimans
1025 733 1283 794 pertinere.
1368 734 1483 790 Quo
1514 752 1616 782 non

207 817 437 854 contenta
491 801 757 850 multitudo
809 799 1033 849 immanis
1088 799 1317 848 dilaniata
1381 803 1618 851 cadavera

208 886 578 937 peremptorum
606 871 802 918 camelis
833 867 1054 931 impolita
1086 870 1216 916 vexit
1249 871 1311 916 ad
1343 872 1500 919 littus:
1539 872 1620 918 iis·

211 941 422 1005 demque
451 939 649 988 subdito
679 940 791 1004 igne
821 939 1071 998 crematis,
1117 939 1302 986 cineres
1336 940 1543 1005 proiecit
1564 941 1616 987 in

207 1028 367 1069 mare,
439 1008 493 1055 id
542 1021 788 1067 metuens,
858 1019 912 1052 ut
960 1006 1220 1068 clamabat,
1296 1028 1355 1056 ne
1397 1008 1618 1056 collectis

207 1078 469 1142 supt·enii5‚
523 1075 667 1125 aedes
710 1075 805 1121 illis
863 1072 1215 1122 exstruerentur
1281 1092 1335 1125 ut
1398 1078 1618 1142 reliquis,

211 1150 298 1211 qui
343 1145 536 1193 deviare
568 1163 594 1190 a
633 1144 869 1207 religione
914 1142 1180 1205 compulsi,
1229 1148 1470 1209 pertulere
1513 1165 1621 1193 cru.

144 1261 148 1265 .
210 1215 411 1262 clahiles
450 1230 655 1276 poenas,
726 1210 943 1276 adusque
989 1210 1247 1272 gloriosam
1299 1230 1508 1263 mortem
1550 1216 1622 1262 in·

210 1296 446 1330 temerata
486 1279 585 1329 fide
615 1280 874 1348 progressi‚
934 1292 982 1327 et
1014 1298 1144 1330 nunc
1176 1297 1405 1348 martyres
1460 1282 1625 1348 adpel-

211 1352 389 1403 lantur,
716 1347 725 1352 i
1212 1367 1214 1370 ’

310 1423 640 1488 Poterantque
661 1421 922 1469 miserandi
941 1421 1168 1470 homines
1198 1421 1260 1470 ad
1288 1420 1487 1468 crudele
1516 1420 1629 1485 sup-

212 1492 417 1557 plicium
456 1494 617 1553 ducti,
668 1491 1041 1539 christianorum
1082 1491 1365 1540 adiumento
1406 1489 1623 1552 defendi,

146 1578 192 1605 11
217 1562 266 1607 ni
290 1562 494 1627 Georgii
521 1562 640 1609 odio
666 1579 834 1608 omnes
856 1560 1118 1608 indiscrete
1142 1561 1422 1625 flagrabant.
1514 1560 1625 1607 Hoc

215 1646 499 1694 comperto,
543 1631 818 1694 Imperator
848 1628 911 1677 ad
945 1629 1296 1678 vindicandum
1323 1629 1509 1676 facinus
1545 1647 1628 1676 ne-

214 1698 419 1748 fandum
456 1713 668 1759 erectus,
710 1698 906 1763 iamque
937 1699 1234 1764 expetiturus
1264 1716 1446 1763 poenas
1484 1716 1510 1744 a
1544 1715 1630 1745 no-

216 1768 307 1814 xiis
343 1769 562 1828 ultimas,
635 1766 879 1830 mitigatus
923 1768 990 1815 est
1019 1768 1318 1815 lenientibus
1356 1767 1626 1831 proximis:

216 1834 456 1900 miffoque
488 1837 678 1896 edicto,
732 1836 832 1882 acri
871 1836 1090 1885 oratione
1121 1835 1273 1884 scelus
1307 1834 1631 1883 detestabatur

216 1903 499 1965 adinissiim,
568 1905 777 1952 minatus
808 1918 1047 1965 extrema,
1111 1905 1148 1952 fi
1186 1903 1363 1952 deinde
1390 1917 1631 1951 tentatum

214 1972 363 2022 fuerit
384 1973 597 2038 aliquid,
630 1971 766 2037 quod
789 1971 965 2019 iustitia
988 1986 1117 2020 vetet
1138 1987 1186 2020 et
1207 1974 1352 2035 leges.

175 2062 194 2089 1
284 2083 295 2105 ‚
313 2043 434 2090 XII.
470 2043 604 2089 Inter
633 2040 754 2088 haec
785 2039 1147 2103 expeditionem
1171 2057 1339 2104 parans
1366 2039 1416 2086 in
1442 2038 1628 2101 Persas,

214 2128 362 2175 quam
393 2109 580 2159 dudum
613 2107 762 2156 animi
802 2109 980 2154 robore
1019 2122 1311 2171 conceperat
1361 2107 1515 2170 celso,
1566 2109 1631 2158 ad.

215 2179 454 2227 ultionem
478 2178 852 2243 praeteritorum
866 2176 1177 2225 veliementer
1199 2177 1349 2237 elatus
1371 2177 1451 2238 est,
1473 2176 1627 2225 sciens

217 2262 265 2295 et
293 2247 493 2295 audiens
525 2261 718 2311 gentem
747 2245 1059 2311 asperrimam
1094 2263 1182 2309 per
1212 2244 1452 2309 sexaginta
1473 2247 1626 2294 ferme

220 2335 371 2363 annos
395 2316 599 2364 inullill'e
634 2314 826 2364 Orienti
857 2313 1063 2362 caedum
1084 2328 1132 2361 et
1160 2313 1494 2379 direptionum
1525 2332 1631 2362 mo-

224 2399 449 2433 numenta
480 2385 768 2445 saeviffima,
817 2383 880 2431 ad
916 2383 1301 2431 internecionem
1337 2383 1631 2431 exercitibus

173 2468 202 2498 2
224 2454 392 2502 nostris
413 2454 554 2518 saepe
579 2452 767 2501 deletis.
845 2452 1085 2512 Urebatur
1116 2466 1278 2499 autem
1306 2451 1520 2498 bellandi
1555 2469 1633 2514 ge..

219 2522 353 2571 mino
377 2523 643 2570 desiderio:
676 2522 864 2587 primo,
907 2519 1039 2584 quod
1076 2520 1332 2585 impatiens
1365 2519 1453 2566 otii
1484 2520 1633 2567 lituos

218 2588 490 2640 somniabat
522 2605 570 2639 et
600 2589 810 2656 proelia:
875 2589 1015 2650 dein,
1065 2589 1202 2653 quod
1235 2588 1285 2635 in
1317 2588 1482 2636 aetatis
1508 2591 1633 2637 ssore

217 2658 466 2723 pritnaevo
499 2660 720 2708 obiectus
754 2659 1009 2706 efferarum
1038 2658 1254 2721 gentium
1287 2656 1458 2717 armis,
1506 2673 1635 2704 reca-

218 2725 431 2776 lentibus
453 2730 596 2776 etiam
620 2743 723 2776 tum
749 2744 915 2792 regum
938 2727 1166 2791 precibus
1191 2740 1238 2774 ct
1259 2725 1509 2788 regalium,
1547 2723 1635 2789 qui

222 2794 352 2842 vinci
379 2798 537 2860 inagis
575 2798 732 2862 polle,
783 2815 926 2863 quani
961 2796 1201 2862 supplices
1232 2813 1401 2842 manus
1431 2792 1632 2844 tendere
