<?xml version="1.0" encoding="UTF-8"?>
<!DOCTYPE html PUBLIC "-//W3C//DTD XHTML 1.0 Transitional//EN"
    "http://www.w3.org/TR/xhtml1/DTD/xhtml1-transitional.dtd">
<html xmlns="http://www.w3.org/1999/xhtml" xml:lang="en" lang="en">
 <head>
  <title>
</title>
<meta http-equiv="Content-Type" content="text/html;charset=utf-8" />
  <meta name='ocr-system' content='tesseract 3.04.00' />
  <meta name='ocr-capabilities' content='ocr_page ocr_carea ocr_par ocr_line ocrx_word'/>
</head>
<body>
  <div class='ocr_page' id='page_1' title='image "ammianimarcellin01ammiuoft_0758.png"; bbox 0 0 1727 3144; ppageno 0'>
   <div class='ocr_carea' id='block_1_1' title="bbox 168 108 1364 166">
    <p class='ocr_par' dir='ltr' id='par_1_1' title="bbox 168 108 1364 166">
     <span class='ocr_line' id='line_1_1' title="bbox 168 108 1364 166; baseline -0.005 -9"><span class='ocrx_word' id='word_1_1' title='bbox 168 115 263 158; x_wconf 71' lang='lat'>,352</span> <span class='ocrx_word' id='word_1_2' title='bbox 406 125 675 157; x_wconf 58' lang='grc'>,1111111111</span> <span class='ocrx_word' id='word_1_3' title='bbox 718 121 1115 155; x_wconf 65' lang='lat' dir='ltr'>MARCELLINI</span> <span class='ocrx_word' id='word_1_4' title='bbox 1164 123 1280 166; x_wconf 65' lang='lat' dir='ltr'>xxx,</span> <span class='ocrx_word' id='word_1_5' title='bbox 1319 108 1364 152; x_wconf 73' lang='grc' dir='ltr'>ὅ.</span> 
     </span>
    </p>
   </div>
   <div class='ocr_carea' id='block_1_2' title="bbox 122 229 1664 2631">
    <p class='ocr_par' dir='ltr' id='par_1_2' title="bbox 164 229 1593 640">
     <span class='ocr_line' id='line_1_2' title="bbox 171 229 1584 301; baseline -0.004 -18"><span class='ocrx_word' id='word_1_6' title='bbox 171 251 370 301; x_wconf 82' lang='lat' dir='ltr'>quoque</span> <span class='ocrx_word' id='word_1_7' title='bbox 392 235 442 281; x_wconf 88' lang='lat' dir='ltr'>in</span> <span class='ocrx_word' id='word_1_8' title='bbox 467 253 578 283; x_wconf 88' lang='lat' dir='ltr'>eum</span> <span class='ocrx_word' id='word_1_9' title='bbox 606 231 873 299; x_wconf 76' lang='lat' dir='ltr'>perniciose</span> <span class='ocrx_word' id='word_1_10' title='bbox 895 230 1196 296; x_wconf 77' lang='lat' dir='ltr'>composito,</span> <span class='ocrx_word' id='word_1_11' title='bbox 1232 229 1368 294; x_wconf 87' lang='lat' dir='ltr'>quod</span> <span class='ocrx_word' id='word_1_12' title='bbox 1391 243 1584 295; x_wconf 84' lang='lat' dir='ltr'>petente</span> 
     </span>
     <span class='ocr_line' id='line_1_3' title="bbox 169 300 1586 372; baseline -0.002 -22"><span class='ocrx_word' id='word_1_13' title='bbox 169 323 258 372; x_wconf 71' lang='lat' dir='ltr'>pei</span> <span class='ocrx_word' id='word_1_14' title='bbox 279 305 441 351; x_wconf 86' lang='lat' dir='ltr'>iocum</span> <span class='ocrx_word' id='word_1_15' title='bbox 462 303 678 367; x_wconf 83' lang='lat' dir='ltr'>quodam</span> <span class='ocrx_word' id='word_1_16' title='bbox 703 301 937 365; x_wconf 80' lang='lat' dir='ltr'>Nigrino,</span> <span class='ocrx_word' id='word_1_17' title='bbox 972 314 1028 346; x_wconf 89' lang='lat' dir='ltr'>ut</span> <span class='ocrx_word' id='word_1_18' title='bbox 1054 318 1164 347; x_wconf 86' lang='lat' dir='ltr'>eum</span> <span class='ocrx_word' id='word_1_19' title='bbox 1188 301 1432 346; x_wconf 83' lang='lat' dir='ltr'>notarium</span> <span class='ocrx_word' id='word_1_20' title='bbox 1460 300 1586 347; x_wconf 79' lang='lat' dir='ltr'>face-</span> 
     </span>
     <span class='ocr_line' id='line_1_4' title="bbox 174 369 1591 433; baseline -0.005 -11"><span class='ocrx_word' id='word_1_21' title='bbox 174 389 273 433; x_wconf 85' lang='lat' dir='ltr'>1·,et</span> <span class='ocrx_word' id='word_1_22' title='bbox 308 373 591 421; x_wconf 78' lang='lat' dir='ltr'>exclamavit</span> <span class='ocrx_word' id='word_1_23' title='bbox 620 372 700 418; x_wconf 89' lang='lat' dir='ltr'>ille</span> <span class='ocrx_word' id='word_1_24' title='bbox 732 370 984 420; x_wconf 83' lang='lat' dir='ltr'>hominem</span> <span class='ocrx_word' id='word_1_25' title='bbox 1019 369 1213 426; x_wconf 82' lang='lat' dir='ltr'>ridens,</span> <span class='ocrx_word' id='word_1_26' title='bbox 1250 372 1355 416; x_wconf 83' lang='lat' dir='ltr'>Fac</span> <span class='ocrx_word' id='word_1_27' title='bbox 1388 387 1464 416; x_wconf 83' lang='lat' dir='ltr'>me</span> <span class='ocrx_word' id='word_1_28' title='bbox 1492 371 1591 415; x_wconf 87' lang='lat' dir='ltr'>Im-</span> 
     </span>
     <span class='ocr_line' id='line_1_5' title="bbox 164 437 1591 506; baseline -0.003 -18"><span class='ocrx_word' id='word_1_29' title='bbox 164 461 263 506; x_wconf 76' lang='lat' dir='ltr'>pet</span> <span class='ocrx_word' id='word_1_30' title='bbox 266 453 481 497; x_wconf 67' lang='lat' dir='ltr'>ator-em,</span> <span class='ocrx_word' id='word_1_31' title='bbox 507 444 558 500; x_wconf 79' lang='lat' dir='ltr'>si</span> <span class='ocrx_word' id='word_1_32' title='bbox 592 443 646 487; x_wconf 77' lang='lat' dir='ltr'>z‘cl</span> <span class='ocrx_word' id='word_1_33' title='bbox 676 442 861 487; x_wconf 65' lang='lat' dir='ltr'>voluer</span> <span class='ocrx_word' id='word_1_34' title='bbox 845 458 882 485; x_wconf 76' lang='grc' dir='ltr'>ι5</span> <span class='ocrx_word' id='word_1_35' title='bbox 916 442 1201 501; x_wconf 78' lang='lat' dir='ltr'>impetrare.</span> <span class='ocrx_word' id='word_1_36' title='bbox 1284 437 1489 502; x_wconf 83' lang='lat' dir='ltr'>Hocque</span> <span class='ocrx_word' id='word_1_37' title='bbox 1518 438 1591 484; x_wconf 82' lang='lat' dir='ltr'>lu·</span> 
     </span>
     <span class='ocr_line' id='line_1_6' title="bbox 179 506 1593 574; baseline -0.004 -17"><span class='ocrx_word' id='word_1_38' title='bbox 179 507 343 558; x_wconf 83' lang='lat' dir='ltr'>dibrio</span> <span class='ocrx_word' id='word_1_39' title='bbox 386 512 552 574; x_wconf 83' lang='lat' dir='ltr'>inique</span> <span class='ocrx_word' id='word_1_40' title='bbox 592 511 938 572; x_wconf 57' lang='lat' dir='ltr'>inter-metato,</span> <span class='ocrx_word' id='word_1_41' title='bbox 994 522 1041 556; x_wconf 80' lang='lat' dir='ltr'>et</span> <span class='ocrx_word' id='word_1_42' title='bbox 1076 506 1327 555; x_wconf 81' lang='lat' dir='ltr'>Faustinus</span> <span class='ocrx_word' id='word_1_43' title='bbox 1365 508 1492 571; x_wconf 74' lang='lat' dir='ltr'>ipse,</span> <span class='ocrx_word' id='word_1_44' title='bbox 1545 519 1593 553; x_wconf 86' lang='lat' dir='ltr'>et</span> 
     </span>
     <span class='ocr_line' id='line_1_7' title="bbox 181 577 1027 643; baseline -0.004 -17"><span class='ocrx_word' id='word_1_45' title='bbox 181 580 441 643; x_wconf 72' lang='lat' dir='ltr'>Nigrinus,</span> <span class='ocrx_word' id='word_1_46' title='bbox 471 593 517 624; x_wconf 90' lang='lat' dir='ltr'>et</span> <span class='ocrx_word' id='word_1_47' title='bbox 537 578 617 625; x_wconf 83' lang='lat' dir='ltr'>alii</span> <span class='ocrx_word' id='word_1_48' title='bbox 639 577 747 625; x_wconf 86' lang='lat' dir='ltr'>sunt</span> <span class='ocrx_word' id='word_1_49' title='bbox 768 577 1027 624; x_wconf 78' lang='lat' dir='ltr'>inteifeeti.</span> 
     </span>
    </p>

    <p class='ocr_par' dir='ltr' id='par_1_3' title="bbox 122 639 1664 1396">
     <span class='ocr_line' id='line_1_8' title="bbox 122 639 1597 711; baseline -0.005 -18"><span class='ocrx_word' id='word_1_50' title='bbox 122 647 174 693; x_wconf 79' lang='lat'>13</span> <span class='ocrx_word' id='word_1_51' title='bbox 284 648 402 697; x_wconf 50' lang='lat' dir='ltr'>Pia(</span> <span class='ocrx_word' id='word_1_52' title='bbox 390 646 543 695; x_wconf 79' lang='lat' dir='ltr'>misso</span> <span class='ocrx_word' id='word_1_53' title='bbox 577 647 723 711; x_wconf 78' lang='lat' dir='ltr'>igitur</span> <span class='ocrx_word' id='word_1_54' title='bbox 755 645 1061 694; x_wconf 86' lang='lat' dir='ltr'>Merobaude</span> <span class='ocrx_word' id='word_1_55' title='bbox 1091 663 1204 691; x_wconf 89' lang='lat' dir='ltr'>cum</span> <span class='ocrx_word' id='word_1_56' title='bbox 1232 641 1431 690; x_wconf 83' lang='lat' dir='ltr'>militari</span> <span class='ocrx_word' id='word_1_57' title='bbox 1459 639 1597 704; x_wconf 84' lang='lat' dir='ltr'>pedi-</span> 
     </span>
     <span class='ocr_line' id='line_1_9' title="bbox 185 711 1664 780; baseline -0.007 -16"><span class='ocrx_word' id='word_1_58' title='bbox 185 733 281 768; x_wconf 66' lang='grc'>111111</span> <span class='ocrx_word' id='word_1_59' title='bbox 310 735 477 777; x_wconf 79' lang='lat' dir='ltr'>manu,</span> <span class='ocrx_word' id='word_1_60' title='bbox 512 735 655 780; x_wconf 87' lang='lat' dir='ltr'>quam</span> <span class='ocrx_word' id='word_1_61' title='bbox 680 717 892 780; x_wconf 82' lang='lat' dir='ltr'>regebat,</span> <span class='ocrx_word' id='word_1_62' title='bbox 927 713 988 762; x_wconf 87' lang='lat' dir='ltr'>ad</span> <span class='ocrx_word' id='word_1_63' title='bbox 1012 713 1266 761; x_wconf 83' lang='lat' dir='ltr'>vastandos</span> <span class='ocrx_word' id='word_1_64' title='bbox 1286 711 1596 759; x_wconf 75' lang='lat' dir='ltr'>ciemandos-</span> <span class='ocrx_word' id='word_1_65' title='bbox 1658 758 1664 765; x_wconf 26' lang='lat' dir='ltr'><em>U</em></span> 
     </span>
     <span class='ocr_line' id='line_1_10' title="bbox 184 778 1597 850; baseline -0.007 -17"><span class='ocrx_word' id='word_1_66' title='bbox 184 804 277 850; x_wconf 83' lang='lat' dir='ltr'>que</span> <span class='ocrx_word' id='word_1_67' title='bbox 302 786 579 833; x_wconf 80' lang='lat' dir='ltr'>baibaiicos</span> <span class='ocrx_word' id='word_1_68' title='bbox 608 803 781 848; x_wconf 83' lang='lat' dir='ltr'>pagos,</span> <span class='ocrx_word' id='word_1_69' title='bbox 817 783 998 830; x_wconf 81' lang='lat' dir='ltr'>comite</span> <span class='ocrx_word' id='word_1_70' title='bbox 1031 782 1263 829; x_wconf 81' lang='lat' dir='ltr'>adiuncto</span> <span class='ocrx_word' id='word_1_71' title='bbox 1298 780 1338 845; x_wconf 87' lang='lat'>⁶)</span> <span class='ocrx_word' id='word_1_72' title='bbox 1363 778 1597 827; x_wconf 74' lang='lat' dir='ltr'>Sebastia-</span> 
     </span>
     <span class='ocr_line' id='line_1_11' title="bbox 182 850 1599 915; baseline -0.005 -15"><span class='ocrx_word' id='word_1_73' title='bbox 182 872 272 913; x_wconf 89' lang='lat' dir='ltr'>no,</span> <span class='ocrx_word' id='word_1_74' title='bbox 311 854 675 902; x_wconf 81' lang='lat' dir='ltr'>Valentinianus</span> <span class='ocrx_word' id='word_1_75' title='bbox 695 852 939 899; x_wconf 83' lang='lat' dir='ltr'><strong>Acincum</strong></span> <span class='ocrx_word' id='word_1_76' title='bbox 970 867 1175 915; x_wconf 78' lang='lat' dir='ltr'>propere</span> <span class='ocrx_word' id='word_1_77' title='bbox 1198 850 1345 897; x_wconf 82' lang='lat' dir='ltr'>castra</span> <span class='ocrx_word' id='word_1_78' title='bbox 1379 864 1599 894; x_wconf 82' lang='lat' dir='ltr'>commo-</span> 
     </span>
     <span class='ocr_line' id='line_1_12' title="bbox 183 915 1600 984; baseline -0.004 -16"><span class='ocrx_word' id='word_1_79' title='bbox 183 923 285 969; x_wconf 83' lang='lat' dir='ltr'>vit:</span> <span class='ocrx_word' id='word_1_80' title='bbox 330 922 630 984; x_wconf 76' lang='lat' dir='ltr'>navigiisque</span> <span class='ocrx_word' id='word_1_81' title='bbox 670 919 727 966; x_wconf 84' lang='lat' dir='ltr'>ad</span> <span class='ocrx_word' id='word_1_82' title='bbox 768 921 1077 982; x_wconf 83' lang='lat' dir='ltr'>repentinum</span> <span class='ocrx_word' id='word_1_83' title='bbox 1105 917 1266 965; x_wconf 75' lang='lat' dir='ltr'>casum</span> <span class='ocrx_word' id='word_1_84' title='bbox 1307 915 1600 976; x_wconf 85' lang='lat' dir='ltr'>coniunctis,</span> 
     </span>
     <span class='ocr_line' id='line_1_13' title="bbox 189 985 1602 1050; baseline -0.005 -13"><span class='ocrx_word' id='word_1_85' title='bbox 189 1005 236 1037; x_wconf 86' lang='lat' dir='ltr'>et</span> <span class='ocrx_word' id='word_1_86' title='bbox 281 990 597 1036; x_wconf 79' lang='lat' dir='ltr'>contabulato</span> <span class='ocrx_word' id='word_1_87' title='bbox 645 987 793 1034; x_wconf 88' lang='lat' dir='ltr'>celeri</span> <span class='ocrx_word' id='word_1_88' title='bbox 842 985 1002 1033; x_wconf 76' lang='lat' dir='ltr'>studio</span> <span class='ocrx_word' id='word_1_89' title='bbox 1058 1000 1232 1050; x_wconf 85' lang='lat' dir='ltr'>ponte,</span> <span class='ocrx_word' id='word_1_90' title='bbox 1283 1004 1369 1049; x_wconf 85' lang='lat' dir='ltr'>per</span> <span class='ocrx_word' id='word_1_91' title='bbox 1415 999 1602 1049; x_wconf 79' lang='lat' dir='ltr'>partem</span> 
     </span>
     <span class='ocr_line' id='line_1_14' title="bbox 191 1054 1603 1119; baseline -0.004 -15"><span class='ocrx_word' id='word_1_92' title='bbox 191 1058 335 1104; x_wconf 73' lang='lat' dir='ltr'>aliani</span> <span class='ocrx_word' id='word_1_93' title='bbox 366 1056 553 1103; x_wconf 76' lang='lat' dir='ltr'>transiit</span> <span class='ocrx_word' id='word_1_94' title='bbox 592 1056 641 1101; x_wconf 91' lang='lat' dir='ltr'>in</span> <span class='ocrx_word' id='word_1_95' title='bbox 683 1055 912 1117; x_wconf 84' lang='lat' dir='ltr'>QuadOS,</span> <span class='ocrx_word' id='word_1_96' title='bbox 975 1054 1274 1119; x_wconf 73' lang='lat' dir='ltr'>speculantes</span> <span class='ocrx_word' id='word_1_97' title='bbox 1314 1054 1514 1117; x_wconf 83' lang='lat' dir='ltr'>quidem</span> <span class='ocrx_word' id='word_1_98' title='bbox 1547 1056 1603 1100; x_wconf 80' lang='lat' dir='ltr'>e&#39;x</span> 
     </span>
     <span class='ocr_line' id='line_1_15' title="bbox 195 1123 1606 1188; baseline -0.003 -17"><span class='ocrx_word' id='word_1_99' title='bbox 195 1125 402 1188; x_wconf 76' lang='lat' dir='ltr'>diruptis</span> <span class='ocrx_word' id='word_1_100' title='bbox 425 1124 675 1171; x_wconf 85' lang='lat' dir='ltr'>montibus</span> <span class='ocrx_word' id='word_1_101' title='bbox 699 1124 801 1172; x_wconf 84' lang='lat' dir='ltr'>eius</span> <span class='ocrx_word' id='word_1_102' title='bbox 826 1125 1111 1184; x_wconf 81' lang='lat' dir='ltr'>adventum,</span> <span class='ocrx_word' id='word_1_103' title='bbox 1147 1141 1246 1187; x_wconf 89' lang='lat' dir='ltr'>quo</span> <span class='ocrx_word' id='word_1_104' title='bbox 1277 1123 1497 1187; x_wconf 77' lang='lat' dir='ltr'>plerique</span> <span class='ocrx_word' id='word_1_105' title='bbox 1524 1140 1606 1167; x_wconf 85' lang='lat' dir='ltr'>an-</span> 
     </span>
     <span class='ocr_line' id='line_1_16' title="bbox 194 1191 1604 1257; baseline -0.004 -16"><span class='ocrx_word' id='word_1_106' title='bbox 194 1195 366 1257; x_wconf 83' lang='lat' dir='ltr'>cipites</span> <span class='ocrx_word' id='word_1_107' title='bbox 394 1194 666 1257; x_wconf 81' lang='lat' dir='ltr'>incertique</span> <span class='ocrx_word' id='word_1_108' title='bbox 700 1193 1024 1240; x_wconf 86' lang='lat' dir='ltr'>accidentium</span> <span class='ocrx_word' id='word_1_109' title='bbox 1056 1211 1170 1240; x_wconf 89' lang='lat' dir='ltr'>cum</span> <span class='ocrx_word' id='word_1_110' title='bbox 1203 1191 1298 1240; x_wconf 81' lang='lat' dir='ltr'>suis</span> <span class='ocrx_word' id='word_1_111' title='bbox 1323 1192 1604 1238; x_wconf 82' lang='lat' dir='ltr'>caritatibus</span> 
     </span>
     <span class='ocr_line' id='line_1_17' title="bbox 193 1260 1606 1328; baseline -0.004 -19"><span class='ocrx_word' id='word_1_112' title='bbox 193 1262 507 1309; x_wconf 70' lang='lat' dir='ltr'>secess&#39;erunt:</span> <span class='ocrx_word' id='word_1_113' title='bbox 544 1261 629 1310; x_wconf 78' lang='lat' dir='ltr'>sed</span> <span class='ocrx_word' id='word_1_114' title='bbox 648 1262 841 1328; x_wconf 82' lang='lat' dir='ltr'>stupore</span> <span class='ocrx_word' id='word_1_115' title='bbox 864 1263 1074 1324; x_wconf 81' lang='lat' dir='ltr'>defixos,</span> <span class='ocrx_word' id='word_1_116' title='bbox 1108 1280 1219 1309; x_wconf 84' lang='lat' dir='ltr'>cum</span> <span class='ocrx_word' id='word_1_117' title='bbox 1246 1263 1294 1307; x_wconf 88' lang='lat' dir='ltr'>in</span> <span class='ocrx_word' id='word_1_118' title='bbox 1326 1260 1606 1324; x_wconf 80' lang='lat' dir='ltr'>regionibus</span> 
     </span>
     <span class='ocr_line' id='line_1_18' title="bbox 198 1330 1609 1396; baseline -0.001 -20"><span class='ocrx_word' id='word_1_119' title='bbox 198 1331 317 1392; x_wconf 78' lang='lat' dir='ltr'>suis,</span> <span class='ocrx_word' id='word_1_120' title='bbox 357 1345 526 1380; x_wconf 85' lang='lat' dir='ltr'>contra</span> <span class='ocrx_word' id='word_1_121' title='bbox 553 1350 700 1396; x_wconf 85' lang='lat' dir='ltr'>quam</span> <span class='ocrx_word' id='word_1_122' title='bbox 726 1332 1088 1395; x_wconf 83' lang='lat' dir='ltr'>opinabantur,</span> <span class='ocrx_word' id='word_1_123' title='bbox 1131 1330 1322 1394; x_wconf 80' lang='lat' dir='ltr'>augusta</span> <span class='ocrx_word' id='word_1_124' title='bbox 1354 1340 1609 1377; x_wconf 82' lang='lat' dir='ltr'>cernerent</span> 
     </span>
    </p>

    <p class='ocr_par' dir='ltr' id='par_1_4' title="bbox 135 1399 1615 2013">
     <span class='ocr_line' id='line_1_19' title="bbox 135 1399 1611 1465; baseline -0.001 -21"><span class='ocrx_word' id='word_1_125' title='bbox 135 1400 343 1463; x_wconf 71' lang='lat' dir='ltr'>14ligna.</span> <span class='ocrx_word' id='word_1_126' title='bbox 418 1399 697 1464; x_wconf 78' lang='lat' dir='ltr'>Progressus</span> <span class='ocrx_word' id='word_1_127' title='bbox 719 1418 834 1465; x_wconf 85' lang='lat' dir='ltr'>ergo</span> <span class='ocrx_word' id='word_1_128' title='bbox 870 1415 1043 1448; x_wconf 86' lang='lat' dir='ltr'>coacto</span> <span class='ocrx_word' id='word_1_129' title='bbox 1074 1399 1251 1464; x_wconf 86' lang='lat' dir='ltr'>gradu,</span> <span class='ocrx_word' id='word_1_130' title='bbox 1289 1399 1340 1444; x_wconf 91' lang='lat' dir='ltr'>in</span> <span class='ocrx_word' id='word_1_131' title='bbox 1373 1413 1611 1464; x_wconf 86' lang='lat' dir='ltr'>quantum</span> 
     </span>
     <span class='ocr_line' id='line_1_20' title="bbox 200 1468 1611 1534; baseline -0.001 -20"><span class='ocrx_word' id='word_1_132' title='bbox 200 1487 273 1516; x_wconf 86' lang='lat' dir='ltr'>res</span> <span class='ocrx_word' id='word_1_133' title='bbox 329 1468 463 1530; x_wconf 80' lang='lat' dir='ltr'>tulit,</span> <span class='ocrx_word' id='word_1_134' title='bbox 528 1470 841 1532; x_wconf 79' lang='lat' dir='ltr'>iugulataque</span> <span class='ocrx_word' id='word_1_135' title='bbox 890 1483 1045 1517; x_wconf 86' lang='lat' dir='ltr'>aetate</span> <span class='ocrx_word' id='word_1_136' title='bbox 1098 1468 1399 1534; x_wconf 80' lang='lat' dir='ltr'>promiscua,</span> <span class='ocrx_word' id='word_1_137' title='bbox 1463 1484 1611 1530; x_wconf 84' lang='lat' dir='ltr'>quam</span> 
     </span>
     <span class='ocr_line' id='line_1_21' title="bbox 201 1534 1611 1602; baseline -0.004 -16"><span class='ocrx_word' id='word_1_138' title='bbox 201 1538 451 1586; x_wconf 83' lang='lat' dir='ltr'>etiamtum</span> <span class='ocrx_word' id='word_1_139' title='bbox 486 1539 728 1601; x_wconf 84' lang='lat' dir='ltr'>palantem</span> <span class='ocrx_word' id='word_1_140' title='bbox 761 1537 948 1586; x_wconf 76' lang='lat' dir='ltr'>subitus</span> <span class='ocrx_word' id='word_1_141' title='bbox 984 1538 1239 1602; x_wconf 82' lang='lat' dir='ltr'>occupavit</span> <span class='ocrx_word' id='word_1_142' title='bbox 1266 1534 1517 1596; x_wconf 77' lang='lat' dir='ltr'>excursus,</span> <span class='ocrx_word' id='word_1_143' title='bbox 1564 1547 1611 1581; x_wconf 86' lang='lat' dir='ltr'>et</span> 
     </span>
     <span class='ocr_line' id='line_1_22' title="bbox 200 1604 1613 1672; baseline -0.001 -20"><span class='ocrx_word' id='word_1_144' title='bbox 200 1607 339 1653; x_wconf 83' lang='lat' dir='ltr'>tectis</span> <span class='ocrx_word' id='word_1_145' title='bbox 373 1606 661 1672; x_wconf 74' lang='lat' dir='ltr'>combustis,</span> <span class='ocrx_word' id='word_1_146' title='bbox 713 1606 858 1654; x_wconf 83' lang='lat' dir='ltr'>rediit</span> <span class='ocrx_word' id='word_1_147' title='bbox 895 1626 1008 1654; x_wconf 89' lang='lat' dir='ltr'>cum</span> <span class='ocrx_word' id='word_1_148' title='bbox 1039 1606 1370 1654; x_wconf 85' lang='lat' dir='ltr'>incolumibus</span> <span class='ocrx_word' id='word_1_149' title='bbox 1407 1604 1613 1664; x_wconf 77' lang='lat' dir='ltr'>cunctis,</span> 
     </span>
     <span class='ocr_line' id='line_1_23' title="bbox 202 1674 1614 1740; baseline -0.002 -18"><span class='ocrx_word' id='word_1_150' title='bbox 202 1693 325 1738; x_wconf 87' lang='lat' dir='ltr'>quos</span> <span class='ocrx_word' id='word_1_151' title='bbox 346 1675 495 1722; x_wconf 73' lang='lat' dir='ltr'>duxer</span> <span class='ocrx_word' id='word_1_152' title='bbox 499 1689 547 1722; x_wconf 84' lang='lat' dir='ltr'>at</span> <span class='ocrx_word' id='word_1_153' title='bbox 568 1674 756 1723; x_wconf 83' lang='lat' dir='ltr'>secum.</span> <span class='ocrx_word' id='word_1_154' title='bbox 794 1675 1066 1740; x_wconf 85' lang='lat' dir='ltr'>itidemque</span> <span class='ocrx_word' id='word_1_155' title='bbox 1087 1675 1220 1740; x_wconf 85' lang='lat' dir='ltr'>apud</span> <span class='ocrx_word' id='word_1_156' title='bbox 1245 1675 1485 1722; x_wconf 86' lang='lat' dir='ltr'>Acincum</span> <span class='ocrx_word' id='word_1_157' title='bbox 1510 1690 1614 1720; x_wconf 76' lang='lat' dir='ltr'>nio-</span> 
     </span>
     <span class='ocr_line' id='line_1_24' title="bbox 201 1742 1614 1808; baseline 0 -20"><span class='ocrx_word' id='word_1_158' title='bbox 201 1758 329 1791; x_wconf 78' lang='lat' dir='ltr'>ratus</span> <span class='ocrx_word' id='word_1_159' title='bbox 361 1758 595 1791; x_wconf 86' lang='lat' dir='ltr'>autumno</span> <span class='ocrx_word' id='word_1_160' title='bbox 639 1745 917 1808; x_wconf 67' lang='lat' dir='ltr'>praecipiti,</span> <span class='ocrx_word' id='word_1_161' title='bbox 969 1762 1054 1808; x_wconf 78' lang='lat' dir='ltr'>pei</span> <span class='ocrx_word' id='word_1_162' title='bbox 1095 1758 1276 1792; x_wconf 83' lang='lat' dir='ltr'>tractus</span> <span class='ocrx_word' id='word_1_163' title='bbox 1317 1742 1614 1806; x_wconf 69' lang='lat' dir='ltr'>conglaciari</span> 
     </span>
     <span class='ocr_line' id='line_1_25' title="bbox 200 1806 1614 1878; baseline 0.002 -23"><span class='ocrx_word' id='word_1_164' title='bbox 200 1811 464 1871; x_wconf 63' lang='lat' dir='ltr'>frigoribus</span> <span class='ocrx_word' id='word_1_165' title='bbox 509 1812 733 1860; x_wconf 77' lang='lat' dir='ltr'>adsuetos</span> <span class='ocrx_word' id='word_1_166' title='bbox 772 1813 1034 1860; x_wconf 84' lang='lat' dir='ltr'>commoda</span> <span class='ocrx_word' id='word_1_167' title='bbox 1074 1806 1337 1878; x_wconf 81' lang='lat' dir='ltr'>quaerebat</span> <span class='ocrx_word' id='word_1_168' title='bbox 1377 1811 1614 1858; x_wconf 68' lang='lat' dir='ltr'>hiberna:</span> 
     </span>
     <span class='ocr_line' id='line_1_26' title="bbox 204 1880 1614 1946; baseline 0.001 -22"><span class='ocrx_word' id='word_1_169' title='bbox 204 1881 434 1942; x_wconf 72' lang='lat' dir='ltr'>nullique</span> <span class='ocrx_word' id='word_1_170' title='bbox 477 1880 612 1927; x_wconf 81' lang='lat' dir='ltr'>sedes</span> <span class='ocrx_word' id='word_1_171' title='bbox 663 1881 839 1929; x_wconf 83' lang='lat' dir='ltr'>idonea</span> <span class='ocrx_word' id='word_1_172' title='bbox 880 1881 1084 1946; x_wconf 78' lang='lat' dir='ltr'>repeiiri</span> <span class='ocrx_word' id='word_1_173' title='bbox 1124 1895 1312 1945; x_wconf 78' lang='lat' dir='ltr'>piaeter</span> <span class='ocrx_word' id='word_1_174' title='bbox 1360 1880 1614 1928; x_wconf 78' lang='lat' dir='ltr'>sabariam</span> 
     </span>
     <span class='ocr_line' id='line_1_27' title="bbox 205 1947 1615 2013; baseline 0.003 -22"><span class='ocrx_word' id='word_1_175' title='bbox 205 1961 413 2009; x_wconf 77' lang='lat' dir='ltr'>poterat,</span> <span class='ocrx_word' id='word_1_176' title='bbox 445 1949 665 2011; x_wconf 82' lang='lat' dir='ltr'>quamvis</span> <span class='ocrx_word' id='word_1_177' title='bbox 687 1967 745 1995; x_wconf 90' lang='lat' dir='ltr'>eo</span> <span class='ocrx_word' id='word_1_178' title='bbox 773 1951 1034 1997; x_wconf 82' lang='lat' dir='ltr'>invalidam</span> <span class='ocrx_word' id='word_1_179' title='bbox 1057 1965 1277 2013; x_wconf 85' lang='lat' dir='ltr'>tempore</span> <span class='ocrx_word' id='word_1_180' title='bbox 1302 1947 1615 2012; x_wconf 71' lang='lat' dir='ltr'>adsiduisque</span> 
     </span>
    </p>

    <p class='ocr_par' dir='ltr' id='par_1_5' title="bbox 141 2014 1617 2422">
     <span class='ocr_line' id='line_1_28' title="bbox 141 2014 1617 2079; baseline 0.003 -19"><span class='ocrx_word' id='word_1_181' title='bbox 141 2016 342 2062; x_wconf 81' lang='lat' dir='ltr'>15malis</span> <span class='ocrx_word' id='word_1_182' title='bbox 374 2014 636 2062; x_wconf 76' lang='lat' dir='ltr'>adflictam.</span> <span class='ocrx_word' id='word_1_183' title='bbox 726 2016 865 2063; x_wconf 88' lang='lat' dir='ltr'>Unde</span> <span class='ocrx_word' id='word_1_184' title='bbox 893 2018 1016 2077; x_wconf 84' lang='lat' dir='ltr'>hoc,</span> <span class='ocrx_word' id='word_1_185' title='bbox 1059 2016 1241 2063; x_wconf 85' lang='lat' dir='ltr'>etiamfi</span> <span class='ocrx_word' id='word_1_186' title='bbox 1262 2016 1419 2079; x_wconf 80' lang='lat' dir='ltr'>magni</span> <span class='ocrx_word' id='word_1_187' title='bbox 1439 2016 1617 2064; x_wconf 87' lang='lat' dir='ltr'>intere-</span> 
     </span>
     <span class='ocr_line' id='line_1_29' title="bbox 205 2081 1616 2148; baseline 0.002 -18"><span class='ocrx_word' id='word_1_188' title='bbox 205 2097 300 2141; x_wconf 85' lang='lat' dir='ltr'>rat,</span> <span class='ocrx_word' id='word_1_189' title='bbox 347 2083 605 2147; x_wconf 76' lang='lat' dir='ltr'>paullisper</span> <span class='ocrx_word' id='word_1_190' title='bbox 640 2081 959 2148; x_wconf 82' lang='lat' dir='ltr'>sequestrato‚</span> <span class='ocrx_word' id='word_1_191' title='bbox 1001 2084 1208 2147; x_wconf 75' lang='lat' dir='ltr'>impigre</span> <span class='ocrx_word' id='word_1_192' title='bbox 1243 2098 1429 2146; x_wconf 88' lang='lat' dir='ltr'>motus,</span> <span class='ocrx_word' id='word_1_193' title='bbox 1479 2102 1616 2148; x_wconf 81' lang='lat' dir='ltr'>pera·-</span> 
     </span>
     <span class='ocr_line' id='line_1_30' title="bbox 205 2152 1616 2216; baseline 0.003 -19"><span class='ocrx_word' id='word_1_194' title='bbox 205 2166 337 2215; x_wconf 82' lang='lat' dir='ltr'>grata</span> <span class='ocrx_word' id='word_1_195' title='bbox 359 2152 572 2200; x_wconf 84' lang='lat' dir='ltr'>fluminis</span> <span class='ocrx_word' id='word_1_196' title='bbox 597 2152 697 2215; x_wconf 79' lang='lat' dir='ltr'>ripa</span> <span class='ocrx_word' id='word_1_197' title='bbox 713 2189 725 2210; x_wconf 94' lang='lat'>,</span> <span class='ocrx_word' id='word_1_198' title='bbox 759 2153 1019 2216; x_wconf 78' lang='lat' dir='ltr'>castrisque</span> <span class='ocrx_word' id='word_1_199' title='bbox 1055 2152 1289 2216; x_wconf 72' lang='lat' dir='ltr'>praesidio</span> <span class='ocrx_word' id='word_1_200' title='bbox 1314 2154 1616 2216; x_wconf 86' lang='lat' dir='ltr'>competenti</span> 
     </span>
     <span class='ocr_line' id='line_1_31' title="bbox 204 2220 1616 2285; baseline 0.001 -18"><span class='ocrx_word' id='word_1_201' title='bbox 204 2220 404 2267; x_wconf 82' lang='lat' dir='ltr'>munitis</span> <span class='ocrx_word' id='word_1_202' title='bbox 425 2233 569 2284; x_wconf 79' lang='lat' dir='ltr'>atque</span> <span class='ocrx_word' id='word_1_203' title='bbox 600 2220 827 2281; x_wconf 83' lang='lat' dir='ltr'>castellis,</span> <span class='ocrx_word' id='word_1_204' title='bbox 872 2222 1205 2284; x_wconf 66' lang='lat' dir='ltr'>Bzesitionem</span> <span class='ocrx_word' id='word_1_205' title='bbox 1241 2223 1483 2285; x_wconf 80' lang='lat' dir='ltr'>pervenit:</span> <span class='ocrx_word' id='word_1_206' title='bbox 1523 2223 1616 2269; x_wconf 85' lang='lat' dir='ltr'>ibi-</span> 
     </span>
     <span class='ocr_line' id='line_1_32' title="bbox 205 2287 1616 2354; baseline 0.003 -19"><span class='ocrx_word' id='word_1_207' title='bbox 205 2307 300 2352; x_wconf 85' lang='lat' dir='ltr'>que</span> <span class='ocrx_word' id='word_1_208' title='bbox 343 2288 428 2335; x_wconf 87' lang='lat' dir='ltr'>diu</span> <span class='ocrx_word' id='word_1_209' title='bbox 460 2287 784 2352; x_wconf 80' lang='lat' dir='ltr'>compofitum</span> <span class='ocrx_word' id='word_1_210' title='bbox 823 2289 884 2337; x_wconf 88' lang='lat' dir='ltr'>ad</span> <span class='ocrx_word' id='word_1_211' title='bbox 922 2290 1134 2354; x_wconf 88' lang='lat' dir='ltr'>quietem</span> <span class='ocrx_word' id='word_1_212' title='bbox 1180 2290 1420 2354; x_wconf 77' lang='lat' dir='ltr'>Principis</span> <span class='ocrx_word' id='word_1_213' title='bbox 1461 2291 1616 2339; x_wconf 87' lang='lat' dir='ltr'>fatum</span> 
     </span>
     <span class='ocr_line' id='line_1_33' title="bbox 202 2355 1615 2422; baseline 0.002 -19"><span class='ocrx_word' id='word_1_214' title='bbox 202 2358 383 2404; x_wconf 76' lang='lat' dir='ltr'>loitem</span> <span class='ocrx_word' id='word_1_215' title='bbox 406 2355 723 2404; x_wconf 83' lang='lat' dir='ltr'>denuntiabat</span> <span class='ocrx_word' id='word_1_216' title='bbox 751 2357 795 2404; x_wconf 89' lang='lat' dir='ltr'>ei</span> <span class='ocrx_word' id='word_1_217' title='bbox 830 2358 1098 2422; x_wconf 79' lang='lat' dir='ltr'>lupiernam</span> <span class='ocrx_word' id='word_1_218' title='bbox 1134 2359 1406 2422; x_wconf 74' lang='lat' dir='ltr'>piodigiis</span> <span class='ocrx_word' id='word_1_219' title='bbox 1397 2377 1615 2422; x_wconf 82' lang='lat' dir='ltr'>ingeren-</span> 
     </span>
    </p>

    <p class='ocr_par' dir='ltr' id='par_1_6' title="bbox 146 2425 1617 2631">
     <span class='ocr_line' id='line_1_34' title="bbox 146 2425 1617 2491; baseline 0.003 -22"><span class='ocrx_word' id='word_1_220' title='bbox 146 2427 335 2473; x_wconf 71' lang='grc'>161111115</span> <span class='ocrx_word' id='word_1_221' title='bbox 360 2426 537 2474; x_wconf 86' lang='lat' dir='ltr'>multis</span> <span class='ocrx_word' id='word_1_222' title='bbox 612 2425 837 2490; x_wconf 86' lang='lat' dir='ltr'>Namque</span> <span class='ocrx_word' id='word_1_223' title='bbox 861 2427 1033 2475; x_wconf 85' lang='lat' dir='ltr'>diebus</span> <span class='ocrx_word' id='word_1_224' title='bbox 1058 2442 1166 2475; x_wconf 87' lang='lat' dir='ltr'>ante</span> <span class='ocrx_word' id='word_1_225' title='bbox 1199 2427 1487 2491; x_wconf 81' lang='lat' dir='ltr'>paucillimis</span> <span class='ocrx_word' id='word_1_226' title='bbox 1521 2428 1617 2474; x_wconf 90' lang='lat' dir='ltr'>rui</span> 
     </span>
     <span class='ocr_line' id='line_1_35' title="bbox 206 2494 1615 2556; baseline 0.002 -16"><span class='ocrx_word' id='word_1_227' title='bbox 206 2513 289 2540; x_wconf 81' lang='lat' dir='ltr'>nas</span> <span class='ocrx_word' id='word_1_228' title='bbox 323 2495 629 2541; x_wconf 80' lang='lat' dir='ltr'>fortunarum</span> <span class='ocrx_word' id='word_1_229' title='bbox 659 2494 921 2543; x_wconf 77' lang='lat' dir='ltr'>indicantia</span> <span class='ocrx_word' id='word_1_230' title='bbox 950 2495 1211 2556; x_wconf 66' lang='lat' dir='ltr'>celsarum,</span> <span class='ocrx_word' id='word_1_231' title='bbox 1255 2495 1408 2542; x_wconf 81' lang='lat' dir='ltr'>arsere</span> <span class='ocrx_word' id='word_1_232' title='bbox 1440 2496 1615 2543; x_wconf 79' lang='lat' dir='ltr'>crinita</span> 
     </span>
     <span class='ocr_line' id='line_1_36' title="bbox 207 2562 1616 2631; baseline -0.003 -19"><span class='ocrx_word' id='word_1_233' title='bbox 207 2562 357 2612; x_wconf 71' lang='lat' dir='ltr'>sidera</span> <span class='ocrx_word' id='word_1_234' title='bbox 381 2566 724 2629; x_wconf 79' lang='lat' dir='ltr'>[cometarum]</span> <span class='ocrx_word' id='word_1_235' title='bbox 740 2603 752 2626; x_wconf 88' lang='lat'>,</span> <span class='ocrx_word' id='word_1_236' title='bbox 784 2584 993 2631; x_wconf 83' lang='lat' dir='ltr'>quorum</span> <span class='ocrx_word' id='word_1_237' title='bbox 1016 2566 1253 2630; x_wconf 80' lang='lat' dir='ltr'>originem</span> <span class='ocrx_word' id='word_1_238' title='bbox 1274 2564 1415 2631; x_wconf 82' lang='lat' dir='ltr'>supra</span> <span class='ocrx_word' id='word_1_239' title='bbox 1449 2563 1616 2616; x_wconf 68' lang='lat' dir='ltr'>docui-</span> 
     </span>
    </p>
   </div>
   <div class='ocr_carea' id='block_1_3' title="bbox 251 2724 674 2773">
    <p class='ocr_par' dir='ltr' id='par_1_7' title="bbox 251 2724 674 2773">
     <span class='ocr_line' id='line_1_37' title="bbox 251 2724 674 2773; baseline 0.002 -14"><span class='ocrx_word' id='word_1_240' title='bbox 251 2726 288 2771; x_wconf 60' lang='grc' dir='ltr'>(Β)</span> <span class='ocrx_word' id='word_1_241' title='bbox 314 2724 382 2761; x_wconf 83' lang='lat' dir='ltr'>Ms.</span> <span class='ocrx_word' id='word_1_242' title='bbox 414 2726 674 2773; x_wconf 72' lang='lat' dir='ltr'>Senastigiano.</span> 
     </span>
    </p>
   </div>
   <div class='ocr_carea' id='block_1_4' title="bbox 364 2674 485 2681">
    <p class='ocr_par' dir='ltr' id='par_1_8' title="bbox 364 2674 485 2681">
     <span class='ocr_line' id='line_1_38' title="bbox 364 2674 485 2681; baseline 0 463"><span class='ocrx_word' id='word_1_243' title='bbox 364 2674 485 2681; x_wconf 95' lang='lat' dir='ltr'> </span> 
     </span>
    </p>
   </div>
  </div>
 </body>
</html>
