1727 3144
201 172 296 214 226
436 182 704 214 AMMIANI
756 182 1144 213 zvtA'nanLmi
1183 186 1274 230 xx,
1326 189 1399 218 11.

203 293 442 342 ambitum
470 292 689 357 longius,
743 291 1009 340 docebatur
1050 294 1285 343 relatione
1322 295 1609 356 multorum,
1644 345 1645 351 ,

205 364 459 410 instaurata
486 360 576 410 ess'e
606 362 794 409 firmius
816 362 960 422 loca,
1026 381 1148 428 quae
1189 364 1392 412 antehae
1423 364 1613 412 incuria

166 445 495 496 7corruperat
532 431 791 500 vetustatis.
862 474 865 477 .
892 431 955 477 Et
966 467 982 488 ,
1070 450 1130 480 ne
1180 434 1301 498 quid
1347 434 1613 494 omitteret,

210 500 341 567 quod
393 514 502 548 ante
557 501 800 549 fervorem
842 501 1162 548 certaminum
1205 517 1306 549 erat
1349 503 1613 550 neeess'ario

206 567 660 636 praestruendum3·
690 569 805 616 viris
856 568 1180 633 prudentibus
1219 571 1390 633 miffis,
1446 569 1619 618 condi⁴

208 640 340 686 tione
362 638 514 702 polita
538 637 701 702 dupla,
722 639 929 702 cogebat
946 640 1195 687 moenium
1219 640 1495 688 defensores
1509 636 1618 686 red-

208 708 280 755 ir'e
316 707 379 754 ad
408 705 544 766 suos,
587 706 754 754 alienis
775 707 873 754 fine
896 725 1070 756 cruore
1089 710 1344 772 conceffis,
1380 718 1460 765 aut
1475 709 1526 755 in
1548 707 1621 754 dia

210 777 397 824 tionem
430 777 596 824 venire
636 776 905 823 Romanam
943 776 1259 840 dignitatibus
1294 778 1542 841 augendos
1571 789 1619 823 et
1674 802 1677 803 ⁷
1726 786 1727 790 ’

209 845 454 910 praemiis.
533 849 721 909 Atque,
747 860 876 892 »cum
907 845 979 892 illi
1012 845 1327 894 destinatione
1358 847 1517 893 nativa
1549 863 1620 892 re·

212 915 483 961 niterentur
510 928 565 961 ut
592 915 717 961 clare
745 914 843 960 nati
857 950 871 971 ,
922 914 1246 980 periculisque
1289 931 1335 963 et
1368 914 1620 962 laboribus

212 983 454 1041 indurati,
500 996 673 1030 cuncta
705 982 950 1050 oblidioni
972 1001 1186 1046 congrua
1214 985 1522 1048 parabantur.

176 1053 225 1096 8-
310 1049 481 1098 Densis
503 1051 664 1115 itaque
685 1050 940 1097 ordinibus
959 1070 1073 1098 eum
1096 1054 1320 1101 tubarum
1339 1054 1626 1100 incitamen-

213 1122 275 1167 tis
306 1121 455 1166 latera
487 1118 659 1183 oppidi
680 1132 852 1165 cuncta
878 1117 1077 1166 adortus
1098 1121 1267 1168 alacris
1293 1123 1446 1179 miles,
1472 1123 1624 1185 legio-

216 1189 360 1234 nibus
390 1188 441 1234 in
464 1186 723 1234 testudines
743 1187 894 1234 varias
916 1189 1247 1252 conglobatis,
1282 1191 1530 1254 paullatim
1552 1204 1626 1236 tu-

217 1270 270 1303 to
293 1255 607 1321 progrediens
628 1254 860 1308 subruere
880 1258 1074 1303 moenia
1099 1258 1392 1304 conabatur:
1436 1273 1484 1306 et
1511 1259 1628 1323 quia

218 1325 431 1371 telorum
456 1342 599 1372 omne
628 1342 777 1388 genus
797 1325 849 1370 in
869 1323 1129 1372 subeuntes
1155 1326 1516 1387 effundebatur,
1549 1345 1632 1374 ne-

219 1412 283 1440 xu
309 1394 592 1458 clypeorum
627 1392 787 1440 soluto
819 1392 1074 1440 discessum
1099 1394 1187 1456 est,
1224 1395 1275 1441 iu
1303 1394 1535 1442 recess'um
1554 1413 1630 1442 ca-

180 1476 207 1517 9
222 1462 450 1509 uentibus
474 1461 634 1525 lignis.
678 1462 869 1509 Laxatis
893 1461 1072 1511 deinde
1094 1464 1158 1510 ad
1179 1463 1309 1511 diem
1328 1483 1482 1511 unum
1501 1465 1538 1528 ³)
1553 1464 1631 1510 ‘in-

227 1531 400 1590 dutiis,
446 1530 586 1577 tertia
615 1531 725 1577 luce
754 1531 989 1578 curiofius
1021 1534 1063 1597 ⁴)
1097 1533 1237 1593 tecti,
1281 1533 1416 1581 elatis
1462 1531 1631 1597 pasfim

223 1599 520 1647 clamoribus
558 1598 810 1646 adscensus
842 1600 1061 1665 undique
1091 1603 1357 1650 tentabant.
1427 1601 1490 1648 Et
1516 1601 1634 1649 licet

229 1666 506 1713 defensores
550 1668 763 1715 obtentis
804 1668 1004 1730 ciliciis,
1052 1688 1113 1717 ne
1142 1669 1539 1735 conspicerentur
1570 1671 1632 1716 ab

226 1735 446 1782 hostibus
463 1772 475 1795 ,
510 1735 724 1791 latebant
747 1737 1064 1800 intrinsecus3
1109 1753 1298 1800 tamen,
1342 1740 1532 1804 quoties
1552 1741 1635 1786 fla·-

230 1804 413 1865 gitabat
436 1804 707 1864 necessitas,
738 1805 943 1853 lacertos
966 1808 1157 1855 fortiter
1184 1807 1487 1868 exsertantes,
1515 1807 1634 1871 lapi-

168 1871 376 1918 xofdibus
404 1869 647 1925 subiectos
678 1873 970 1922 incess‘ebant
999 1890 1045 1923 et
1077 1877 1200 1923 telis.
1290 1878 1353 1923 Et
1396 1876 1636 1925 vimineae

231 1954 384 1987 crates
412 1958 525 1986 cum
554 1941 877 2003 procederent
905 1944 1237 2005 confidenter,
1283 1945 1527 2009 ess'eutque
1555 1963 1639 2007 paz

234 2008 436 2057 rietibus
471 2008 756 2072 contiguae,
792 2009 923 2057 dolia
948 2011 1154 2074 desuper
1176 2011 1444 2071 cadebant,
1475 2015 1635 2064 molae

234 2091 283 2125 et
302 2078 635 2124 columnarum
667 2078 957 2141 fragmenta:
1000 2098 1210 2143 quorum
1241 2081 1540 2145 ponderibus
1569 2082 1638 2127 ni·-

111 2159 125 2178 ⁸
235 2145 347 2193 miis
374 2146 705 2193 obruebantur
725 2161 1085 2211 oppugnatores
1103 2186 1115 2209 ,
1158 2149 1394 2215 hiatuque
1419 2150 1636 2197 violento

239 2212 454 2261 disiectis
492 2215 834 2278 operimentis,
893 2234 1008 2263 eum
1045 2219 1275 2282 periculis
1312 2219 1496 2266 ultimis
1534 2237 1639 2266 eva-

239 2281 433 2330 debant.

179 2364 224 2390 11
335 2351 543 2399 Decimo
575 2352 764 2417 itaque,
829 2353 1085 2418 postquam
1116 2355 1150 2420 ⁵)
1180 2355 1384 2419 pugnari
1414 2353 1493 2403 die
1531 2373 1641 2404 coe-

240 2433 391 2483 ptum,
415 2420 505 2481 est,
547 2439 658 2468 cum
690 2420 730 2486 ⁶)
764 2419 868 2485 spes
896 2424 1167 2470 nostrorum
1197 2425 1427 2471 interiora
1466 2438 1642 2472 cuncta

242 2506 460 2536 maerore
478 2491 761 2554 compleret,
793 2492 1038 2538 transferri
1060 2494 1302 2556 placuerat
1322 2493 1504 2538 inolent
1522 2494 1642 2540 arie-

243 2556 301 2601 tis
325 2559 486 2621 magni
500 2594 516 2615 ,
553 2578 696 2624 quam
729 2560 897 2607 Persae
933 2561 1182 2626 quondam
1212 2560 1478 2609 Antiochia
1500 2561 1642 2626 pulli-

607 2684 716 2692 ...—

285 2742 324 2784 3)
349 2741 416 2775 ΜΓ.
459 2744 627 2797 indormis.
676 2751 716 2792 4)
752 2746 818 2782 Ms.
850 2756 956 2782 tecto.
1007 2747 1043 2793 5)
1080 2745 1149 2782 ΜΓ.
1186 2738 1350 2795 pugnari.
1409 2747 1448 2793 G)
1484 2745 1551 2781 ΜΓ.
1579 2744 1642 2796 spe

236 2786 437 2824 molismum
465 2791 622 2826 interior.
