1727 3144
172 134 269 180 406
407 146 674 180 Amnum
716 148 1102 198 manentmnx
1131 150 1272 196 xxvi,
1319 149 1361 181 1.
1404 149 1450 181 2.

115 255 445 315 14concludit.
485 257 646 315 Quam
671 259 910 306 rationem
935 257 1124 307 biffexti
1145 258 1420 324 probatam,
1444 257 1591 307 etiam<

177 326 364 375 victura
393 345 506 375 cum
534 326 734 377 saeculis
766 327 921 375 Roma
949 327 1233 375 adiumento
1263 328 1476 377 numinis
1517 327 1590 375 di-

178 396 280 445 vini
302 395 539 444 fundavit.
612 396 826 445 Proinde
848 414 1104 461 pergamus
1134 396 1198 444 ad
1218 398 1421 463 reliqua.

145 490 164 518 1
282 464 348 512 II.
386 464 564 530 Elapso
590 465 669 515 die
690 484 862 531 parum
884 479 998 530 apto
1020 466 1082 514 ad
1103 466 1407 514 inchoandas
1426 483 1590 514 rerum

179 534 565 598 magnitudines,
595 549 651 584 ut
675 534 872 601 quidam
895 535 1188 597 existimant,
1229 535 1594 602 propinquante

179 603 275 652 iam
311 602 533 668 vespera,
574 605 768 653 monitu
800 604 1033 670 praefecti
1062 603 1302 666 Sallustii,
1334 602 1424 651 sub
1459 603 1594 652 exitii

182 671 552 722 denuntiatione
596 674 826 725 statutum
882 673 947 722 est
997 689 1226 739 prompta
1277 672 1593 722 consensione

181 755 472 789 cunctorum
492 779 505 803 ‚
551 761 612 790 ne
636 743 842 809 potioris
864 743 1121 809 quisquam
1142 743 1444 790 auctoritatis
1460 779 1473 805 ,
1517 741 1597 789 vel

181 809 430 873 suspectus
453 811 624 860 altiora
644 811 840 869 conari,
868 810 1158 876 procederet
1184 811 1415 876 postridie
1439 827 1594 858 mane.

141 879 408 948 gCumque
435 880 704 928 multorum
730 879 920 942 taedio,
976 899 1099 946 quos
1129 894 1357 929 votorum
1389 879 1598 926 inanitas

184 948 463 1008 cruciabat,
504 947 702 995 tandem
731 949 868 996 finita
900 962 1044 996 nocte
1070 951 1152 997 lux
1185 948 1471 998 adveniffet:
1544 947 1598 994 in

185 1035 336 1064 unum
365 1016 579 1080 quaefito
618 1017 773 1063 milite
803 1018 964 1078 omni,
998 1017 1269 1081 progress'us
1301 1017 1602 1066 Valentinia-

184 1085 629 1149 nusnicmnpun½
670 1082 1600 1149 pemnssfimquetffibunaladstffindffle

186 1150 355 1200 cellius
402 1152 664 1216 structum,
725 1154 1047 1201 comitiorum
1098 1153 1286 1218 specie,
1350 1156 1601 1202 voluntate

185 1220 512 1285 praesentium
532 1221 868 1271 secundissima
882 1260 895 1285 ‚
929 1237 985 1271 ut
1004 1223 1078 1271 vir
1098 1222 1247 1270 serius
1263 1261 1275 1284 ‚
1312 1238 1473 1271 rector
1491 1241 1603 1289 pro-

146 1290 437 1343 3nuntiatur
459 1291 671 1356 imperii.
749 1291 870 1342 Mox
899 1292 1159 1357 principali
1190 1292 1367 1340 habitu
1396 1292 1605 1340 circum-

189 1357 328 1405 datus
351 1373 399 1407 et
423 1377 633 1422 corona,
662 1360 1007 1427 Augustusque
1034 1376 1339 1427 nuncupatus
1364 1380 1483 1429 cum
1504 1362 1606 1408 lau-

190 1427 333 1476 dibus
356 1429 556 1495 amplis3
600 1449 720 1495 quas
754 1431 980 1479 novitatis
1010 1431 1173 1496 potuit
1199 1431 1406 1479 excitare
1440 1429 1607 1478 dulce·-

191 1495 284 1558 do,
335 1498 689 1562 praemeditata
728 1499 892 1549 dicere
949 1500 1047 1548 iam
1095 1501 1312 1565 parabat.
1403 1499 1604 1564 quue,

191 1579 247 1611 ut
300 1566 574 1630 expeditius
619 1569 931 1634 loqueretur,
1011 1569 1268 1616 brachium
1318 1568 1605 1628 exsertante,
1641 1568 1646 1574 ’

194 1634 581 1685 obmurmuratio
644 1639 801 1701 gravis
874 1635 1090 1686 exoritur
1108 1675 1121 1699 ‚
1193 1637 1606 1702 concrepantibus

192 1704 423 1750 centuriis
479 1719 527 1752 et
576 1706 865 1771 manipulis,
938 1707 1320 1770 cohortiumque
1383 1706 1607 1753 omnium

191 1770 337 1833 plebe
356 1774 634 1836 urgentium
656 1773 914 1837 destinate,
965 1775 1217 1825 confestim
1249 1775 1611 1840 Imperatorem

151 1839 399 1888 4alter11m
431 1840 682 1890 declarari.
777 1844 929 1902 Quod
959 1846 1076 1893 licet
1108 1845 1336 1893 nonnulli
1373 1843 1608 1891 existima-

193 1921 307 1956 runt
325 1908 491 1973 paucis
509 1913 752 1975 corruptis
772 1912 834 1959 ad
864 1914 1068 1977 gratiam
1097 1914 1207 1961 fieri
1235 1912 1606 1976 despectorum:

195 1992 252 2024 ex
283 1993 343 2024 eo
369 1990 533 2025 tamen
564 1977 617 2025 id
645 1980 814 2027 frustra
845 1981 1087 2029 creditum
1125 1979 1409 2041 videbatur,
1469 1979 1608 2045 quod

195 2060 298 2091 non
319 2046 571 2109 emercafi,
615 2046 701 2095 sed
720 2047 922 2095 consoni
944 2049 1093 2096 totius
1119 2048 1449 2096 multitudinis
1473 2050 1608 2114 paria

195 2113 402 2161 volentis
433 2115 671 2163 clamores
704 2116 1053 2177 audiebantur,
1090 2116 1390 2165 documento
1421 2118 1608 2166 recenti

194 2181 503 2246 fragilitatem
543 2185 926 2248 pertimescentis
966 2186 1249 2233 sublimium
1279 2187 1604 2234 fortunarum.

196 2251 325 2298 Dein
349 2269 409 2298 ex
432 2250 632 2301 susurris
656 2254 929 2303 immaniter
951 2254 1205 2320 strepentis
1227 2256 1463 2303 exercitus
1486 2257 1606 2304 cieri

197 2320 431 2367 tumultus
459 2321 720 2371 violentior
748 2323 1038 2389 adparebat,
1088 2339 1136 2372 et
1155 2323 1453 2372 confidentia
1482 2325 1608 2372 mili·

196 2387 259 2435 tis
281 2391 580 2455 erumpentis
600 2392 845 2441 interdum
865 2393 928 2441 ad
950 2391 1220 2458 perniciosa
1239 2392 1455 2440 facinora
1468 2392 1609 2441 time·-

159 2456 355 2506 Sbatur.
426 2459 580 2523 Quod
602 2462 969 2510 Valentinianus
991 2463 1141 2527 magis
1160 2480 1272 2526 prae
1295 2462 1509 2522 cunctis,
1543 2480 1607 2510 ne

198 2527 336 2575 fieret
348 2563 365 2585 ‚
396 2529 734 2594 extimescens,
778 2533 899 2579 elata
924 2531 1152 2596 prospere
1181 2530 1374 2579 dextera
1398 2531 1444 2578 vi
1468 2531 1607 2578 Prin-

196 2593 319 2657 cipis
340 2595 517 2644 fiducia
537 2600 684 2663 pleni,
715 2599 852 2648 ausus
877 2601 1128 2666 increpare
1150 2598 1390 2665 quosdam
1410 2614 1464 2646 ut
1482 2597 1607 2647 sedi-

198 2662 345 2709 tiosos
370 2678 415 2711 et
438 2669 732 2729 pertinaces,
770 2670 980 2735 cogitata
1008 2670 1163 2734 nullis*
1184 2668 1605 2733 interpellantibus

197 2730 490 2780 absolvebat.
