1727 3144
173 171 752 204 VAL.GRAT1AN.ET
788 174 1045 205 VALENT.
1089 175 1132 205 2.
1207 163 1322 221 575.
1416 154 1557 225 5670

104 296 316 346 compte.
389 282 447 328 In
467 281 725 330 hominum
747 298 906 331 autem
939 285 1093 347 figura
1120 285 1235 332 licet
1268 288 1307 349 ⁴)
1327 286 1510 335 insuavi
1528 298 1555 340 3

98 350 167 396 ita
196 351 280 398 vifi
309 351 419 397 sunt
450 350 603 416 asperi
616 389 634 412 ‚.
676 367 729 399 ut
759 371 917 418 neque
941 353 1065 416 igni,
1100 371 1259 418 neque
1280 353 1509 418 saporatis

100 418 352 483 indigeant
381 420 532 481 cibis,
578 421 663 467 sed
693 421 934 468 radicibus
964 422 1226 469 herbarum
1257 425 1508 485 agrestium

101 501 149 535 et
168 487 436 536 semicruda
462 491 672 537 cuiusvis
695 491 886 554 pecoris
902 509 1046 538 carne
1059 490 1334 552 «vescantur,
1366 511 1508 556 qnam

99 556 226 604 inter
249 557 433 605 femora
457 557 539 604 sua
568 573 616 606 et
646 577 886 623 equorum
916 573 1044 623 terga
1076 558 1366 621 subsertam,
1401 562 1508 608 fotu

98 626 390 673 calefaciunt
421 627 574 674 brevi.
659 626 915 675 Aedificiis
944 629 1088 674 nullis
1112 647 1342 693 umquam
1364 630 1479 677 tecti
1497 649 1505 677 :
1524 635 1553 687 4

96 692 182 741 sed
210 695 332 742 haec
361 695 493 743 velut
522 696 582 742 ab
613 696 702 741 usu
728 696 979 742 communi
1015 695 1222 743 discreta
1255 696 1507 760 sepulchra

99 761 357 811 declinant.
429 763 534 810 Nec
561 764 689 809 enim
720 763 853 826 apud
883 781 966 809 eos
1006 765 1084 810 vel
1118 765 1354 812 arundine
1383 767 1508 813 fasti-

94 845 261 894 gatum
282 831 484 894 reperiri
505 830 753 893 tugurium
785 831 957 894 potdi.
1041 832 1142 879 Sed
1177 833 1284 897 vagi
1315 849 1505 881 montes

92 913 402 964 peragrantes
440 912 487 945 et
526 898 690 956 silvas,
749 900 972 962 pruinas,
1023 901 1230 959 famem,
1280 901 1504 965 sitimque

91 968 309 1033 perferre
332 968 392 1014 ab
412 966 720 1013 incunabulis
752 966 1051 1015 adsuescunt.
1135 969 1342 1033 Peregre
1378 985 1502 1018 tecta

90 1036 180 1083 nifi
206 1035 430 1100 adigente
468 1036 674 1082 maxima
703 1037 973 1084 necessitate
1004 1056 1101 1084 non
1138 1037 1370 1086 subeunt:
1410 1058 1500 1087 nec

93 1106 225 1153 enim
254 1105 385 1170 apud
428 1122 509 1151 eos
539 1103 734 1152 securos
776 1105 1042 1153 existimant
1081 1106 1171 1154 effe
1210 1108 1298 1154 sub
1345 1108 1498 1155 tectis.

90 1173 398 1222 Indumentis
421 1173 707 1237 operiuntur
726 1174 886 1221 linteis
902 1213 915 1236 ,
952 1176 1028 1222 vel
1050 1194 1103 1223 ex
1127 1177 1336 1239 pellibus
1365 1177 1500 1224 filve-
1519 1182 1548 1228 5

89 1243 256 1290 strium
277 1243 489 1289 murium
516 1241 879 1290 consarcinatis:
910 1262 998 1291 nec
1031 1246 1117 1291 alia
1150 1245 1246 1291 illis
1277 1245 1498 1292 domesti-

89 1331 145 1359 ca
177 1312 315 1358 vestis
349 1308 438 1371 est,
486 1311 575 1358 alia
602 1311 818 1359 forenfis.
902 1313 1002 1360 Sed
1025 1313 1170 1361 semel
1191 1314 1398 1361 obsoleti
1418 1331 1498 1360 co-

88 1381 206 1428 loris
237 1382 400 1428 tunica
435 1381 564 1427 collo
607 1380 781 1428 inserta
821 1399 921 1428 non
965 1397 1072 1430 ante
1115 1382 1376 1446 deponitur
1415 1395 1498 1429 aut

87 1464 331 1509 mutatur,
372 1468 514 1514 quam
535 1448 762 1496 diuturna
785 1451 909 1498 carie
934 1452 982 1497 in
1014 1452 1251 1515 pannulos
1286 1450 1497 1497 defluxe-

89 1519 152 1565 rit
181 1518 454 1565 defrustata.
538 1519 727 1566 Galeris
756 1519 968 1566 incurvis
994 1522 1151 1584 capita
1174 1533 1368 1583 tegunt:
1397 1519 1544 1570 hir-G

86 1586 189 1634 suta
231 1607 370 1634 crura
409 1587 555 1635 coriis
596 1589 867 1636 munientes
910 1588 1155 1636 haedinis:
1225 1605 1493 1651 eorumque

88 1657 239 1703 calcei
273 1656 498 1703 formulis
532 1656 677 1703 nullis
702 1658 865 1720 aptati.
905 1672 1066 1705 vetant
1088 1658 1312 1704 incedere
1339 1655 1494 1719 gressi-

86 1727 178 1774 bus
200 1726 382 1787 liberis.
454 1725 564 1782 Qua
584 1726 721 1771 causa
741 1726 803 1772 ad
828 1727 1065 1789 pedestres
1103 1745 1275 1791 parum
1305 1742 1492 1772 accom-

86 1793 276 1841 modati
299 1794 407 1840 sunt
428 1812 639 1858 pugnas:
674 1813 842 1841 verum
864 1796 999 1860 equis
1020 1813 1175 1859 prope
1203 1794 1374 1852 adfixi,
1405 1793 1492 1837 du-

86 1863 151 1910 ris
176 1863 402 1928 qui-dem,
440 1862 525 1909 sed
547 1862 874 1924 deformibus,
912 1879 959 1912 et
984 1863 1286 1911 muliebriter
1314 1860 1490 1907 iisdem

84 1950 452 1995 nonnumquam
473 1931 757 1992 insidentes,
786 1934 1053 1996 funguntur
1073 1930 1355 1977 muneribus
1376 1947 1491 1976 con-

83 2000 244 2048 suetis.
328 2000 400 2046 Ex
429 1999 541 2063 ipfis
576 2000 734 2064 quivis
769 2001 820 2045 in
848 2000 940 2048 hac
971 2000 1168 2047 natione
1216 2015 1401 2062 pernox
1443 2009 1490 2043 et

82 2069 285 2135 perdius
317 2068 436 2115 emit
466 2081 513 2115 et
546 2067 739 2128 vendit,
773 2068 1038 2132 cibumque
1064 2067 1206 2113 sumit
1230 2080 1277 2113 et
1300 2079 1488 2128 potum,

85 2153 134 2186 et
166 2138 424 2183 inclinatus
448 2137 627 2184 cervici
652 2137 872 2200 angustae
896 2136 1123 2195 iumenti,
1157 2137 1206 2180 in
1241 2135 1388 2180 altum
1419 2131 1492 2179 so-

86 2224 258 2272 porem
292 2204 510 2268 adusque
550 2205 831 2252 varietatem
873 2203 1133 2253 effunditur
1172 2202 1487 2248 somniorum.

84 2276 149 2324 Et
179 2273 531 2321 deliberatione
560 2272 701 2336 super
733 2275 877 2321 rebus
912 2271 1154 2338 propofita
1190 2269 1347 2330 seriis,
1389 2269 1528 2333 hoc7

85 2345 260 2392 habitu
294 2359 460 2390 omnes
493 2341 544 2387 in
587 2359 846 2390 commune
886 2340 1169 2391 consultant.
1261 2338 1489 2401 Aguntur

87 2427 249 2461 autem
273 2412 405 2458 nulla
432 2409 681 2457 severitate
706 2412 883 2475 regali,
916 2409 996 2457 sed
1029 2407 1342 2455 tumultuario
1366 2405 1490 2469 opti-

87 2497 272 2529 matum
297 2480 448 2526 ductu
469 2480 712 2540 contenti,
759 2491 1101 2544 perruitipunt,
1145 2473 1390 2540 quidquid
1420 2474 1491 2519 in-

89 2551 279 2599 ciderit.
372 2548 435 2594 Et
481 2562 694 2611 pugnant
731 2565 1095 2611 nonnumquam
1135 2543 1354 2603 lacessiti⁷
1407 2541 1533 2599 sedss

88 2621 310 2672 ineuntes
341 2618 528 2682 proelia
560 2616 800 2665 cuneatim
826 2616 967 2665 variis
992 2615 1194 2664 vocibus
1212 2611 1492 2662 sonantibus

139 2785 180 2829 4)
206 2783 275 2819 Mt.
304 2782 403 2818 neec.
