1727 3144
176 166 274 210 206
361 177 680 214 ,ΛΑΜΜιΑΝΙ
718 176 1113 207 MAltefii,LtN1
1148 176 1238 220 xx,
1269 161 1315 206 3.
1343 164 1389 208 4.

177 288 267 335 nisi
294 302 515 353 tempore
547 285 906 335 intermenstrui
939 284 1148 333 deficere
1191 284 1362 344 visam,
1381 303 1587 352 usquam

178 359 359 406 lunam.

117 437 169 468 12
280 425 433 491 Quod
466 440 628 473 autem
662 423 811 472 solem
841 441 971 470 nunc
1001 422 1054 468 in
1094 421 1319 483 aethere,
1371 441 1500 472 nunc
1533 421 1588 470 in

178 495 363 543 mundo
387 496 618 542 inferiore
643 495 700 559 ¹⁴)
725 491 913 540 cursare
941 490 1305 556 praediximus,
1333 490 1589 541 sciendum

179 564 270 626 est,
325 564 507 611 liderea
549 581 784 627 corpora,
851 575 1087 627 quantum
1123 560 1187 607 ad
1225 559 1589 611 univerfitatem

176 634 415 698 pertinet,
460 651 549 680 nee
586 631 838 692 occidere,
895 648 984 677 nee
1027 629 1168 677 oriri:
1213 629 1300 676 sed
1326 629 1394 676 ita
1424 628 1591 689 *videri

178 702 351 749 nostris
377 703 630 749 obtutibus
655 700 926 749 constitutis
952 699 1001 744 in
1024 699 1176 760 terra,
1203 698 1400 763 spiritus
1430 698 1593 745 cuius-

178 764 493 818 dam'interni
518 785 654 817 motu
676 768 926 833 suspensa,
970 785 1231 831 rerumque
1261 766 1591 828 magnitudini

177 840 323 886 instar
356 840 515 902 exigui
545 841 602 903 ¹⁷)
637 838 823 885 subdita
851 837 1047 902 puncti,
1086 855 1215 883 nunc
1244 837 1381 883 caelo
1418 836 1590 884 infixas

175 907 419 971 suspicere
443 908 627 969 stellas,
661 926 866 972 quarum
892 905 1015 954 ordo
1041 905 1106 952 est
1128 904 1476 969 sempiternus,
1506 905 1593 953 ali.

178 978 370 1041 quoties
391 977 605 1022 humana
629 976 810 1022 viiione
829 977 1087 1038 languente
1111 973 1362 1022 discedere
1395 972 1490 1021 suis
1520 974 1590 1023 se-

180 1046 325 1092 dibus
347 1045 586 1091 arbitrari.
637 1044 825 1090 Verum
846 1043 908 1089 ad
925 1043 1137 1089 instituta
1155 1043 1254 1089 iam
1278 1057 1589 1091 revertamur.

142 1126 161 1153 1
273 1114 362 1162 IV.
398 1112 746 1175 Properantem
772 1111 1107 1158 Constantium
1127 1111 1319 1158 Orienti
1343 1113 1470 1159 ferre
1483 1111 1593 1177 sup-

180 1182 358 1247 petias,
388 1180 635 1227 turbando
657 1179 947 1243 propediem
974 1179 1249 1226 excurfibus
1275 1181 1504 1242 Perlieis,
1535 1195 1592 1229 ut

178 1252 409 1315 perfugae
462 1249 778 1295 concinentes
834 1247 1222 1311 exploratoribus
1286 1248 1590 1313 indicabant,

176 1321 385 1368 urebant
411 1318 589 1379 Iuliani
613 1317 841 1377 virtutes,
882 1334 1000 1380 quas
1031 1333 1119 1379 per
1154 1334 1238 1363 ora
1270 1317 1595 1381 gentiumdi-

177 1384 424 1439 verl'ar'um
469 1388 598 1433 fama
648 1386 890 1433 celebrior
943 1384 1252 1443 effundebat,
1300 1405 1616 1450 magnorum·

179 1460 282 1508 eius
311 1458 539 1507 laborum
581 1457 919 1518 factorumque
956 1454 1141 1501 vehens
1184 1454 1386 1503 adoreas
1424 1455 1590 1519 celsas,

180 1528 286 1594 post
307 1525 627 1574 Alamanniae
654 1524 892 1587 quaedam
917 1541 1061 1586 regna
1087 1523 1338 1587 prostrata,
1375 1524 1593 1590 recept‘a-

181 1615 277 1663 que
301 1593 484 1658 oppida
511 1594 760 1640 Gallicana
785 1606 894 1638 ante
916 1591 1104 1655 direpta
1133 1611 1157 1639 a
1191 1593 1409 1640 barbaris
1440 1609 1488 1642 et
1514 1613 1594 1642 ex·-

138 1665 302 1724 2cisa‚
347 1680 472 1726 quos
504 1661 786 1708 tributarios
814 1660 914 1725 ipse
944 1662 1061 1708 fecit
1089 1675 1135 1707 et
1157 1663 1430 1726 vectigales.
1506 1663 1590 1711 Ob

182 1735 300 1782 haec
332 1745 378 1779 et
415 1729 585 1776 similia
616 1730 851 1793 percitus,
897 1744 1240 1795 metuensque,
1279 1750 1338 1778 ne
1360 1750 1593 1796 augeren-

184 1819 261 1851 tur
294 1801 345 1847 in
377 1799 561 1858 maius,
615 1799 886 1846 stimulante
926 1800 999 1863 (ut
1034 1800 1301 1864 ferebatur)
1341 1802 1590 1864 praefecto

178 1868 471 1932 Florentio,
494 1868 788 1913 Decentium
822 1868 1073 1915 tribunum
1101 1883 1147 1916 et
1172 1870 1419 1915 notarium
1445 1869 1590 1932 mifit,

182 1943 220 2007 ¹)
251 1938 506 1986 auxiliares
544 1935 720 1982 milites
751 1937 923 1983 exinde
970 1939 1192 1999 protinus
1232 1938 1588 1986 abstracturum

182 2007 394 2058 Aerulos
423 2019 471 2052 et
498 2005 732 2062 Batavos,
770 2022 981 2069 cumque
1028 2005 1363 2052 Petulantibus
1408 2008 1588 2065 Celtas,

183 2093 232 2126 et
264 2078 416 2124 lectos
446 2092 502 2120 ex
533 2072 746 2119 numeris
776 2073 879 2119 aliis
921 2087 1251 2132 trecentenos,
1302 2075 1392 2122 hae
1424 2074 1585 2140 speeie

183 2145 329 2194 iuffos
353 2143 644 2201 accelerare,
677 2155 731 2187 ut
749 2141 902 2190 adell'e
923 2142 1097 2206 pollint
1115 2144 1256 2190 armis
1278 2146 1438 2208 primo
1474 2163 1586 2194 vere

184 2211 442 2263 movendis
466 2211 517 2257 in
533 2209 755 2257 Parthos.

139 2284 169 2329 5
277 2282 341 2330 Et
359 2281 502 2345 super
524 2279 791 2326 auxiliariis
812 2277 1011 2341 quidem
1035 2293 1082 2325 et
1102 2280 1391 2328 trecentenis
1411 2299 1589 2346 cogen-

185 2353 259 2400 dis
289 2350 426 2400 ocius
456 2347 698 2413 proficisci
729 2348 997 2411 Lupicinus
1025 2362 1293 2396 conventus
1336 2349 1402 2396 est
1438 2350 1585 2413 solus,

183 2419 401 2468 transisse
422 2417 484 2465 ad
503 2418 771 2464 Britannias
795 2416 1016 2463 nondum
1048 2432 1352 2481 compertus:
1396 2418 1455 2465 de
1483 2417 1587 2465 scu-

184 2491 317 2536 tariis
340 2502 502 2535 autem
523 2501 570 2534 et
590 2486 849 2548 gentilibus
870 2504 1126 2550 excerpere
1147 2504 1390 2551 quemque
1424 2505 1585 2550 prom-

187 2558 476 2622 ptissimum,
549 2570 595 2602 et
630 2555 729 2618 ipse
771 2554 1038 2618 perducere
1080 2557 1120 2621 ²)
1147 2556 1335 2602 Sintula
1372 2556 1584 2618 iubetur,

187 2627 400 2674 Caesaris
421 2625 593 2672 stabuli
615 2639 728 2689 tune
763 2623 1001 2670 tribunus.

187 2714 298 2786 -ιω
325 2740 390 2773 Ms.
419 2739 559 2772 cursari.
612 2740 670 2785 ¹5)
695 2737 763 2773 Ms.
793 2736 982 2773 subditam·
1032 2736 1152 2785 1)Ms.
1175 2734 1511 2778 auxiliarefimilitcs.
1531 2745 1590 2770 ex*

190 2785 285 2820 inde.
336 2788 373 2830 ει)
401 2787 467 2820 ΜΓ.
497 2784 655 2830 Singula»
964 2799 969 2803 ·

1684 0 1727 2752 *zmffl
