1727 3144
237 134 339 175 ‚2304
494 141 763 174 ,mmmm
806 140 1189 172 MARCELLINI
1230 141 1388 184 xxvii,
1425 141 1468 172 a.

249 271 334 319 per
358 252 484 301 varia
514 252 745 299 barbaros
775 248 926 298 semet
953 249 1136 298 adoriri
1156 267 1256 298 non
1278 248 1435 314 poffe,
1468 248 1649 296 accito-

251 340 345 388 que
375 322 539 387 paullo
575 321 705 385 post,
758 334 813 366 ut
838 337 950 368 eum
982 318 1217 370 Gratiano
1251 319 1395 366 etiam
1422 333 1529 365 tum
1551 316 1651 382 pri-

250 406 360 439 vato
391 390 654 454 susciperet
684 388 884 452 inlignia
922 387 1225 448 consulatus·‚
1276 388 1476 436 Iovinus
1515 385 1652 451 equi-

248 475 351 507 tum
381 459 600 522 magister
627 457 917 521 accingitur:
971 472 1019 505 et
1049 457 1304 504 instructus
1342 470 1652 521 paratusque,

248 528 509 576 cautissime
547 526 804 574 observans
840 540 1103 591 utrumque
1148 525 1220 572 sui
1259 524 1464 589 agminis
1509 525 1653 584 latus,

252 599 382 645 venit
413 614 565 661 prope
594 597 757 642 locum
783 596 1096 660 Scarponna:
1138 595 1225 642 ubi
1245 593 1474 657 inopinus
1505 591 1657 638 maio-

250 685 350 715 rem
378 666 691 712 barbarorum
714 665 924 728 plebem,
957 678 1213 729 antequam
1234 676 1513 722 armaretur,
1537 674 1657 707 tem-

253 735 386 800 poris
410 733 546 781 brevi
568 747 750 797 puncto
775 747 1079 796 praeventam
1099 731 1158 778 ad
1180 731 1566 779 internecionem
1585 746 1661 775 ex-

206 822 235 851 2
254 803 428 851 [tinxit.
498 801 801 848 Exsultantes
819 801 1007 848 innoxii
1025 800 1199 864 proelii
1220 801 1373 862 gloria
1397 798 1575 845 milites
1596 796 1659 843 ad

257 872 451 920 alterius
467 871 600 933 globi
622 870 887 933 perniciem
909 868 1117 928 ducens,
1140 868 1407 931 senlimque
1428 864 1659 913 incedens

258 955 418 988 rector
461 938 663 985 eximius
706 937 1032 999 speculatione
1064 935 1238 984 didicit
1275 935 1398 997 fida,
1457 934 1660 998 direptis

260 1007 461 1073 propius
496 1005 623 1052 villis
652 1005 956 1052 vastatoriam
986 1023 1183 1051 manum
1223 1004 1466 1068 quiescere
1507 1020 1662 1067 prope

258 1081 467 1123 flumen:
505 1073 699 1137 iamque
721 1071 1003 1129 adventans,
1026 1072 1318 1136 abditusque
1338 1073 1390 1119 in
1402 1073 1522 1119 valle
1549 1071 1664 1119 :len-

257 1145 394 1192 litate
422 1142 728 1193 arbustorum
761 1140 994 1198 obscura,
1035 1141 1234 1188 videbat
1273 1142 1483 1188 lavantes
1527 1141 1666 1197 alios,

263 1211 504 1278 quosdam
545 1227 709 1259 eomas
745 1210 994 1257 rutilantes
1034 1229 1092 1258 ex
1121 1228 1285 1268 more,
1341 1223 1664 1273 potantesque

216 1281 542 1333 3nonnullos.
631 1278 694 1325 Et
731 1293 899 1326 nactus
937 1279 1112 1326 horam
1139 1277 1391 1343 impendio
1428 1277 1667 1342 tempesti-

265 1369 374 1398 vam
390 1387 403 1411 ,
435 1349 569 1414 ligno
601 1362 800 1412 repente
832 1365 918 1412 per
946 1348 1094 1395 lituos
1118 1347 1233 1394 dato
1253 1346 1554 1394 latrocinalia
1576 1365 1667 1393 ca-

264 1421 356 1467 stra
386 1416 633 1484 perrupit:
674 1431 940 1482 contraque
974 1417 1204 1474 Germani
1231 1416 1356 1462 nihil
1376 1429 1565 1479 praeter
1582 1414 1669 1461 in·-

267 1490 485 1536 efficaees
506 1486 661 1533 minas
694 1487 927 1534 iactanter
955 1485 1178 1534 sonantes
1199 1500 1245 1534 et
1268 1484 1517 1532 fremitum
1532 1520 1545 1545 ‚
1566 1501 1668 1531 Qec

268 1556 496 1621 expedire
519 1574 651 1602 arma
671 1554 905 1620 dispersa,
940 1573 1031 1603 nec
1053 1572 1349 1621 componere
1371 1553 1541 1612 aciem,
1579 1569 1670 1598 nec

267 1625 514 1689 resurgere
536 1625 585 1671 in
605 1624 728 1672 vires
750 1625 1171 1688 permittebantur,
1206 1626 1241 1686 ¹)
1261 1636 1461 1686 urgente
1484 1621 1670 1668 instan-

271 1711 343 1742 ter
365 1695 566 1741 victore.
627 1693 873 1749 Quocirca
894 1693 1040 1741 forati
1059 1693 1169 1758 pilis
1193 1707 1241 1739 et
1261 1690 1428 1755 gladiis
1448 1688 1671 1737 cecidere

272 1763 576 1826 complures,
622 1763 806 1827 absque
826 1763 910 1823 iis,
939 1780 1062 1827 quos
1083 1760 1244 1810 versos
1273 1761 1322 1806 in
1341 1759 1490 1824 pedes
1513 1772 1672 1806 texere

272 1830 471 1878 flexuofi
490 1831 703 1877 tramites
726 1845 773 1877 et
798 1832 996 1895 angusti.

235 1903 263 1958 ,ς
375 1898 486 1944 Hoc
506 1898 738 1961 prospero
763 1918 922 1946 rerum
946 1901 1145 1959 effectu,
1189 1916 1334 1962 quem
1356 1897 1506 1944 virtus
1525 1912 1674 1958 pere-

281 1979 412 2029 gerat
438 1979 485 2012 et
512 1966 706 2012 fortuna
721 2001 737 2022 ,
773 1981 911 2013 aucta
932 1967 1109 2014 fiducia
1129 1967 1328 2012 Iovinus
1347 1965 1552 2010 militem
1574 1963 1674 2010 du-

278 2051 420 2094 cem,
465 2033 685 2097 diligenti
715 2032 1043 2097 speculatione
1074 2033 1350 2097 praemissa,
1395 2033 1444 2078 in
1479 2032 1677 2079 tertium

278 2119 515 2166 cuneum,
563 2102 649 2166 qui
682 2102 909 2163 restabat,
958 2119 1166 2166 propere
1197 2101 1345 2148 eastra
1380 2101 1676 2148 commovit:

281 2185 329 2218 et
360 2184 600 2217 maturato
629 2170 799 2219 itinere
832 2188 1026 2217 omnem
1048 2188 1200 2234 prope
1222 2170 1509 2217 Catelaunos
1531 2169 1677 2216 inve-

240 2239 355 2286 5nit
383 2238 446 2286 ad
474 2238 890 2303 congrediendum
931 2238 1351 2303 promptillimum.
1446 2238 1509 2286 Et
1547 2238 1675 2285 vallo

281 2322 559 2372 opportune
580 2322 782 2369 metato,
813 2307 1006 2372 suisque
1033 2326 1121 2371 pro
1147 2307 1378 2370 temporis
1400 2306 1540 2369 eopia
1560 2306 1675 2353 cibo

279 2377 507 2424 recreatis
529 2391 576 2424 et
595 2375 789 2439 somno,
834 2377 992 2440 primo
1021 2394 1223 2423 aurorae
1249 2388 1424 2422 exortu
1443 2374 1494 2419 in
1515 2388 1677 2437 aperta

277 2445 481 2509 planitie
505 2445 778 2509 composuit
799 2446 948 2493 aciem
980 2443 1224 2492 dilatatam
1255 2457 1354 2490 arte
1382 2441 1587 2502 sollerti,
1622 2456 1676 2489 ut

276 2512 443 2577 l'patiis
485 2515 803 2578 amplioribus
841 2514 1088 2577 occupatis
1123 2512 1435 2577 aequiperare
1469 2510 1679 2565 Romani

277 2580 489 2628 hostium
511 2582 872 2631 multitudinem
894 2581 1198 2647 adparerent,
1227 2580 1477 2628 inferiores
1498 2596 1677 2626 nume-—

281 2693 393 2701 ——-—-

315 2724 363 2791 ἰ)
386 2747 425 2780 In
449 2748 571 2794 Steph.
603 2746 761 2781 editione
787 2750 830 2785 ro*
857 2746 1024 2782 instanter
1044 2746 1152 2783 ‹leeli-
