1727 3144
211 182 649 237 cons'raaf'rins
701 160 1134 214 nr'ltsmasus.
1222 169 1337 214 ὂϋυ.
1424 183 1520 227 229

164 337 167 339 ,
207 290 277 338 At
297 292 385 338 ubi
406 306 676 340 nocturnae
705 292 930 340 tenebrae
953 294 1102 340 finem
1128 290 1324 354 proeliis
1353 292 1523 338 at‘tulea
1543 304 1597 333 20

53 419 56 423 .
104 374 244 422 runt,
310 379 408 408 non
442 361 491 408 in
523 362 726 426 longum
758 364 811 426 1¹²)
845 361 990 410 militi
1016 361 1153 428 quies
1196 359 1334 406 data:
1401 360 1514 407 cibo

102 430 234 479 enim
266 429 442 494 exiguo
475 431 683 478 refectus
715 445 761 479 et
787 429 986 492 somno,
1036 444 1280 478 rectorum
1324 427 1539 477 monitu»

102 499 309 559 excitus,
353 500 650 548 munitiones
679 519 706 547 a
732 518 874 547 muro
906 501 1052 561 longe
1080 497 1326 556 demovit,
1373 494 1516 546 dimi-

101 584 215 618 care.
245 567 538 616 succinctius
568 587 738 633 parans
772 587 858 633 per
887 568 1117 616 sublimes
1150 566 1389 632 aggestus,
1428 564 1514 630 qui

98 635 196 683 iam
224 637 547 688 consummati
576 639 727 685 muris
758 638 898 684 altius
930 639 1267 686 imminebant.
1349 632 1512 698 thue

95 703 243 753 facile
276 704 552 754 defensores
579 706 838 756 moenibus
869 706 1192 770 pellerentur,
1222 705 1272 751 in
1297 701 1413 767 ipfis
1434 719 1516 765 ag-

96 789 268 837 gerum
306 773 664 821 summitatibus
705 774 850 822 binae
895 772 1004 823 sunt
1041 774 1226 825 locatae
1276 770 1509 830 ballistae,

95 859 302 907 quarum
336 856 471 890 metu
497 860 559 890 ne
589 842 869 908 prospicere
899 842 1100 908 quidem
1133 841 1262 907 poss'e
1295 839 1508 890 hostium

96 909 353 975 quisquam
393 911 690 960 crederetur.
782 913 874 961 His
913 911 1023 960 satis
1060 910 1291 977 provifis‚
1351 925 1507 975 prope
1530 927 1580 955 21

90 977 253 1044 ipsum
280 979 619 1046 crepusculum
651 981 823 1047 triplex
855 983 979 1030 acies
1019 982 1295 1029 nostrorum
1339 977 1509 1027 iustru-

93 1061 199 1111 cta,
262 1049 499 1114 conisque
533 1051 779 1115 galearum
821 1051 1060 1099 minacius
1085 1065 1290 1108 nutans,
1360 1045 1509 1095 scalas

90 1117 384 1167 vehentibus
404 1120 569 1167 multis
588 1120 829 1185 impetum
852 1121 910 1186 ¹²)
929 1121 1230 1168 conabantur
1254 1119 1302 1165 in
1324 1132 1506 1164 muros.

87 1184 197 1240 lam
231 1186 574 1236 resultantibus
602 1190 748 1237 armis
779 1204 827 1238 et
855 1191 1014 1250 tubis,
1064 1207 1164 1237 uno
1195 1187 1398 1254 parique
1436 1202 1507 1229 ar-

90 1252 213 1304 dore
243 1256 358 1303 hinc
390 1257 444 1322 ¹³)
474 1257 591 1305 inde
619 1259 926 1322 pugnabatur
951 1257 1121 1305 audaci
1139 1255 1402 1304 conflictu:
1439 1252 1505 1297 la-

90 1323 286 1389 tiusque
316 1323 413 1372 sese
445 1325 713 1389 pandentes
743 1326 978 1386 Romani,
1022 1344 1136 1373 cum
1155 1321 1320 1371 Persas
1343 1320 1505 1369 occul-

92 1393 184 1439 tari
211 1392 433 1440 viderent
454 1411 632 1458 pavore
653 1394 990 1458 impolitorum
1015 1393 1268 1457 aggeribus
1293 1406 1506 1438 tormen-

91 1473 282 1523 torum,
329 1460 586 1526 pulsabant
616 1463 789 1510 turrim
825 1464 1000 1510 ariete:
1047 1477 1093 1509 ct
1122 1481 1234 1508 cum
1256 1459 1505 1523 ligonibus

92 1544 142 1578 et
170 1530 384 1579 dolabris
417 1544 465 1578 et
496 1530 720 1578 vectibus
745 1533 801 1595 ¹⁴)
828 1531 1061 1594 scalisque
1090 1528 1503 1594 propinquabant,

90 1599 340 1664 utrimque
370 1600 663 1646 convolante
692 1599 937 1645 millilium
967 1599 1244 1646 crebritate.
1349 1594 1503 1642 Adfli-
1525 1614 1581 1644 22

90 1670 289 1715 etabant
316 1683 477 1716 tamen
509 1668 666 1714 multo
694 1667 1028 1714 vehementius
1052 1665 1215 1713 Persas
1240 1667 1365 1715 ictus
1386 1662 1505 1710 varii

92 1737 404 1798 ballistarum,
419 1751 669 1801 tamquam
697 1755 779 1800 per
797 1735 1100 1784 transennam
1121 1735 1297 1784 aclivis
1319 1731 1505 1783 structi-

91 1807 220 1853 libus
257 1805 584 1854 decurrentes.
662 1804 810 1852 Unde
838 1806 1059 1853 fortunas
1091 1803 1197 1851 suas
1225 1803 1334 1852 litas
1358 1804 1409 1849 in
1431 1818 1507 1848 ex-

92 1888 250 1922 tremo
282 1875 381 1922 iam
411 1875 707 1939 cogitantes,
742 1874 1025 1922 destinatam
1056 1875 1262 1921 ruebant
1293 1873 1344 1920 in
1375 1887 1505 1918 mor-

97 1956 217 1991 tem:
280 1958 326 1993 et
349 1944 512 2009 partiti
534 1961 733 1990 munera
764 1942 1035 1991 dimicandi
1065 1943 1193 1991 inter
1220 1937 1507 1990 neceffitatis

95 2013 350 2074 articulos,
389 2013 597 2072 relictis,
657 2011 741 2076 qui
774 2013 967 2064 moenia
995 2026 1275 2074 tuerentur,
1303 2008 1508 2059 reserata

93 2082 298 2130 latenter
324 2082 502 2145 postica
518 2119 530 2143 ,
564 2080 736 2129 strictis
759 2081 930 2146 gladiis
951 2081 1111 2129 valida
1137 2100 1307 2130 manus
1332 2076 1509 2142 erupit,

100 2168 226 2213 ponc
250 2151 573 2216 ,sequentibus
605 2150 733 2211 aliis,
777 2150 863 2216 qui
893 2153 1110 2198 flammas
1133 2152 1325 2199 occulte
1348 2160 1513 2214 porta·-

98 2223 230 2266 bant.
323 2221 556 2284 Dumque
590 2220 796 2267 Romani
828 2239 958 2267 nunc
997 2220 1172 2267 instant
1203 2217 1509 2274 cedentibus,
1531 2226 1589 2273 23

96 2306 226 2335 nunc
256 2289 386 2337 ultro
402 2288 685 2336 incellentes
709 2289 979 2354 excipiunt:
1050 2290 1136 2353 qui
1165 2288 1413 2337 vehebant
1444 2283 1517 2330 fo-

100 2358 238 2405 culos
269 2373 490 2423 repentes
523 2357 737 2420 incurvi,
790 2376 967 2422 prunas
1000 2360 1142 2405 unius
1184 2355 1361 2421 aggesti
1396 2349 1517 2400 inse-

101 2445 241 2476 ruere
264 2427 526 2487 iuncturis,
560 2427 702 2474 ramis
725 2428 954 2476 arborum
989 2426 1300 2485 diversarum,
1337 2437 1384 2471 ct
1409 2423 1514 2468 iuu-

103 2513 190 2556 co,
223 2511 270 2544 et
303 2497 564 2561 manipulis
595 2496 856 2543 constructi
886 2513 1178 2542 cannarum:
1227 2493 1313 2559 qui
1344 2508 1517 2541 conce-

105 2564 200 2628 ptis
228 2565 572 2614 incendiorum
601 2564 745 2613 aridis
772 2565 1082 2613 nutrimentis
1117 2564 1213 2619 iam
1235 2561 1518 2612 cremaban-

161 2753 214 2794 ιι)
244 2750 312 2785 Ms.
344 2752 450 2787 militi
477 2754 537 2800 qui
561 2752 678 2788 estate.
751 2754 798 2791 ἰ’σ.
826 2755 931 2789 militi
960 2754 1059 2802 quies
1106 2753 1155 2790 est
1183 2754 1275 2791 data.
1357 2759 1418 2805 η)
1450 2758 1518 2793 ΜΙᾉ

118 2797 352 2832 conabantur,
416 2801 468 2842 13)
507 2801 557 2833 ul.
595 2800 692 2835 inde.
763 2808 818 2845 14)
862 2800 930 2836 Ms.
975 2800 1160 2850 scalaeque
1205 2804 1375 2852 propinq.
