1727 3144
235 177 298 222 54
394 164 398 165 ⁷
437 187 703 220 AMM1AN1
756 184 1140 219 MARCELLINI
1186 182 1304 229 xlv,
1350 184 1425 214 11.

236 297 443 352 Arbetio
475 298 537 346 ad
564 293 1040 344 'insidiandum'acer
1069 307 1117 341 et
1143 295 1373 357 flagrans,
1420 306 1467 340 et
1487 290 1632 340 Ense*

181 419 184 422 ,
234 371 344 418 hius
370 383 486 416 tunc
515 364 814 431 praepositus
844 361 1088 422 cubiculi,
1135 360 1332 422 effusior·
1359 360 1421 408 ad
1457 379 1632 408 nocen-

237 438 373 503 dum)
393 436 447 483 id
469 435 781 493 occurrebat,
815 431 1014 480 Caesare
1046 428 1326 478 discedente
1360 430 1636 477 Ursicinum

234 509 285 556 in
311 507 513 555 Oriente
531 501 803 569 perniciose
825 499 1223 565 relinquendum,
1266 497 1304 545 li
1322 499 1483 546 nullus
1504 497 1634 558 essct,

199 578 322 643 gqui
353 574 661 640 prohiberet,
703 572 874 619 altiora
901 569 1264 617 meditaturum.
1354 565 1636 631 Iisdemque
1664 603 1676 611 1

239 644 416 694 relidui
444 642 563 707 regii
591 639 822 688 accessere
858 637 1122 703 spadones,
1172 654 1384 702 quorum
1423 653 1477 683 ea
1515 649 1635 682 tem-

235 712 416 780 pestate
448 713 554 776 plus
583 708 800 758 habendi
831 707 1074 772 cupiditas
1101 707 1226 753 ultra
1257 705 1513 752 mortalem
1535 720 1638 750 mo-

240 783 359 830 dum
388 780 720 840 adolescebat,
759 778 884 824 inter
917 776 1178 823 ministeria
1206 773 1332 821 vitae
1363 771 1637 820 secretioris

238 870 327 918 per
355 867 555 899 arcanos
586 846 802 895 susurros
841 845 1135 892 nutrimenta
1179 843 1306 890 fictis
1349 841 1636 889 criminibus

239 918 568 981 subsercntes:
612 917 697 981 qui
726 914 1028 980 ponderibus
1058 912 1271 960 invidiae
1303 910 1536 975 gravioris
1570 910 1638 955 vi-

239 1009 347 1038 rum
369 986 673 1035 fortissimum
694 984 1062 1048 opprimebant,
1098 979 1400 1049 subolescere
1427 977 1638 1043 imperio

241 1057 432 1107 adultos
451 1056 552 1103 eius
570 1055 699 1101 filios
719 1052 1038 1112 muffitantes‚
1071 1049 1249 1097 decore
1278 1066 1544 1112 corporum
1572 1047 1640 1093 fa-

240 1124 482 1175 vorabiles
511 1137 558 1170 et
587 1135 765 1184 aetate,
803 1138 889 1185 per
920 1119 1244 1183 multiplicem
1265 1132 1533 1165 armaturae
1553 1113 1641 1162 sci-

238 1194 417 1243 entiam
447 1191 808 1256 agilitatemque
840 1189 1174 1235 membrorum
1202 1188 1329 1234 inter
1353 1184 1641 1250 quotidiana

238 1259 467 1328 proludia
490 1259 746 1318 exercitus,
774 1256 996 1304 consulto
1018 1256 1219 1304 confilio
1241 1257 1490 1318 cognitos:
1526 1254 1641 1299 Gal-

238 1334 343 1380 lum
363 1329 533 1393 suopte
558 1326 756 1390 ingenio
780 1339 968 1372 trucem
991 1342 1077 1388 per
1097 1323 1368 1388 suppositos
1399 1320 1642 1387 quosdam

239 1399 302 1448 ad
330 1397 467 1445 saeva
500 1395 717 1442 facinora
744 1392 859 1440 ideo
894 1393 1187 1453 animatum,
1217 1406 1272 1438 ut
1292 1409 1349 1439 eo
1373 1391 1517 1454 digna
1539 1407 1643 1436 om-

239 1469 376 1516 nium
400 1464 629 1521 ordinum
654 1462 969 1510 detestatione
991 1460 1135 1509 exoso
1150 1499 1164 1520 ‚
1196 1459 1259 1507 ad
1278 1458 1489 1524 magistri
1508 1458 1642 1524 equi·

240 1553 346 1585 ¹tum
370 1535 554 1582 liberos
577 1530 879 1596 principatus
902 1530 1103 1592 inlignia
1122 1530 1485 1577 transferantur.

206 1618 236 1670 4
337 1604 469 1650 Cum
493 1601 614 1646 haec
644 1599 854 1662 taliaque
882 1597 1110 1644 sollicitas
1142 1598 1243 1644 eius
1272 1614 1410 1645 aures
1449 1595 1643 1645 everbe-

244 1685 428 1729 rarent‚
476 1666 709 1731 expolitas
746 1665 934 1730 semper
964 1665 1249 1712 huiusmodi
1286 1666 1564 1712 rumoribus
1598 1679 1646 1710 et

245 1753 488 1805 patentes,
527 1735 657 1783 varia
690 1734 852 1781 animo
887 1748 988 1780 tum
1016 1733 1246 1780 miscente
1277 1733 1499 1794 consilia,
1545 1747 1645 1780 tan-

247 1809 358 1856 dem
387 1805 440 1853 id
475 1819 528 1851 ut
559 1804 799 1868 optimum
826 1803 957 1850 factu
975 1801 1145 1866 elegit:
1179 1815 1226 1848 et
1261 1801 1531 1848 Ursicinum
1550 1797 1646 1866 pri-

245 1896 382 1925 mum
412 1874 472 1921 ad
501 1872 548 1921 se
578 1872 742 1919 venire
778 1870 965 1918 summo
1004 1889 1118 1918 cum
1148 1871 1338 1918 honore
1380 1869 1642 1929 mandavit,

247 1964 303 1994 ea
343 1943 530 2007 specie,
589 1935 659 1987 ut*
684 1959 774 2003 pro
813 1958 974 1988 rernm
1015 1953 1131 1986 tunc
1176 1939 1454 2002 urgentium
1497 1953 1644 2003 captu

246 2014 588 2077 disponeretur
617 2009 853 2056 concordi
882 2008 1109 2069 confilio,
1163 2009 1341 2070 quibus
1367 2007 1542 2055 virium
1573 2008 1643 2053 in-

247 2081 505 2130 crementis
551 2078 886 2124 Parthicarum
935 2076 1149 2141 gentium
1183 2095 1313 2122 arma
1352 2076 1642 2122 minantium

212 2152 456 2214 Sirnpetus
480 2143 827 2211 frangerentur.
902 2146 962 2193 Et
986 2163 1042 2192 ne
1066 2143 1186 2209 quid
1214 2143 1531 2209 suspicaretur
1562 2143 1643 2190 ad-

244 2219 366 2267 versi
398 2232 652 2272 venturus,
697 2216 903 2263 vicarius
937 2215 1061 2274 eius,
1104 2213 1221 2259 dum
1252 2213 1402 2273 redit,
1437 2212 1643 2276 Prosper

246 2288 408 2335 missus
439 2286 505 2333 est
538 2286 735 2332 Comes:
780 2284 1087 2347 acceptisque
1112 2283 1288 2342 literis,
1334 2295 1381 2328 et
1412 2283 1553 2345 copia
1575 2283 1644 2329 rei

247 2355 571 2404 vehiculariae
618 2352 752 2413 data,
807 2352 1140 2399 Mediolanum
1183 2350 1439 2397 itineribus
1469 2352 1508 2415 ²)
1534 2368 1644 2415 pro.

248 2442 519 2489 peravimus
549 2440 747 2484 magnis.

212 2506 240 2545 (j
345 2492 588 2550 Restabat,
626 2504 679 2535 ut
708 2487 878 2536 Caesar
911 2490 1016 2553 post
1044 2489 1165 2535 haec
1194 2499 1478 2551 properaret
1521 2485 1644 2533 acci·

249 2576 348 2608 tus:
407 2575 454 2607 et
498 2558 858 2622 abstergendae·
897 2558 1034 2604 causa
1087 2556 1370 2620 suspicionis
1427 2554 1643 2602 sororem

248 2629 405 2690 suam,
446 2629 547 2676 eius
578 2646 809 2688 uxorem,
850 2627 1153 2676 Constantius
1185 2624 1247 2673 ad
1279 2624 1323 2672 se
1345 2623 1540 2672 tandem
1563 2623 1644 2671 de-

295 2797 329 2835 e)
358 2804 482 2838 proptu
493 2804 592 2826 nunus
620 2791 687 2825 ΜΓ.
