1727 3144
443 208 771 244 'romanu
797 210 837 242 s.
911 196 1028 243 565.
1391 200 1491 262 359

79 324 305 389 adusque
335 336 626 371 memoratas
658 321 918 387 angustias,
967 338 1146 370 novem
1178 321 1386 370 millium
1408 325 1494 372 sta-

81 394 308 454 diorum,
345 391 565 440 Australe
585 410 700 441 vero
725 392 786 439 ab
812 392 942 440 ostiis
968 391 1072 439 Nili
1107 391 1321 438 fluminis
1353 393 1492 440 adus-

79 481 180 528 que
203 461 442 527 principia
466 464 844 523 Carmanorum,
889 459 1261 527 quatuordecim
1280 460 1491 509 millium

81 531 352 581 stadiorum
374 550 577 580 numero
603 531 848 579 definitur.

184 600 278 648 Per
300 600 385 647 has
413 601 632 649 nationes
655 600 862 648 dissonas
891 609 940 645 et
965 598 1290 663 multiplices,
1330 598 1488 646 homi·
1506 599 1560 648 75

83 680 202 717 num
224 687 422 735 quoque
446 669 742 717 diverlitates
763 668 879 715 sunt·
894 680 949 714 ut
980 668 1221 716 locorum.
1304 667 1406 717 Sed
1436 682 1490 715 ut

84 739 369 803 generaliter
387 755 597 801 corpora
622 737 949 784 describamus
986 751 1033 783 et
1062 755 1249 799 mores,
1289 737 1491 802 graciles

82 825 256 872 paene
253 805 372 853 sunt
402 823 600 868 omnes,
643 805 862 869 subnigri
896 804 973 851 vel
1001 805 1157 853 livido
1187 809 1355 855 colore
1393 807 1492 871 pal-

80 876 262 937 lentes,
307 874 535 939 caprinis
550 875 704 923 oculis
734 874 887 952 torvi,
933 887 980 921 et
1020 873 1289 939 superciliis
1335 877 1386 923 in
1411 875 1491 922 le-

80 913 350 995 miorbium
374 943 587 1007 speciem
617 944 827 992 curvatis
854 944 1157 1009 iunctisque,
1201 947 1260 1010 ⁴¹)
1283 963 1385 993 non
1411 945 1493 990 -in-

85 1011 347 1062 decoribus
379 1013 570 1075 barbis,
623 1013 910 1078 capillisque
943 1012 1264 1076 ⁴²)prom-iffis
1294 1014 1493 1061 hirsuti:
1541 1039 1544 1042 -

83 1100 255 1131 omnes
277 1097 435 1132 tamen
453 1082 757 1146 promiscue,
791 1083 864 1129 vel
895 1082 1020 1128 inter
1054 1083 1219 1144 epulas
1248 1083 1492 1148 festosque

83 1151 212 1213 dies,
248 1151 421 1217 gladiis
445 1153 601 1199 cincti·
627 1165 907 1199 cernuntur.
994 1152 1154 1207 Quem
1188 1153 1495 1199 Graecorum

81 1235 302 1269 veterum
326 1238 514 1268 morem
535 1220 757 1268 abieciss‘e
782 1220 965 1283 primos
988 1219 1326 1280 Athenienses,
1357 1220 1496 1267 Thu-

81 1289 283 1355 cydides
316 1289 383 1336 est
409 1303 584 1337 auctor.
611 1288 942 1354 ampliffimus.
1021 1288 1226 1342 Effufius
1269 1289 1491 1353 plerique
1506 1292 1566 1348 76

81 1359 142 1424 ⁴³)
161 1358 306 1406 soluti
325 1358 372 1403 iu
397 1358 665 1418 Venerem,
705 1375 944 1420 aegreque
975 1358 1194 1404 contenti
1223 1358 1494 1405 multitudi-

82 1446 144 1475 ne
177 1427 434 1492 pellicum:
485 1427 746 1490 puerilium
783 1426 1062 1490 stuprorum
1100 1441 1344 1488 expertes:
1400 1445 1491 1491 pro

84 1496 263 1560 opibus
284 1496 490 1559 quisque
508 1494 773 1543 adsciscens
796 1494 1104 1541 matrimonia
1125 1495 1261 1558 plura
1283 1497 1358 1542 vel
1377 1514 1494 1559 pau-

84 1583 157 1612 ca.
232 1563 372 1610 Unde
397 1563 530 1627 apud
549 1581 632 1611 eos
659 1581 745 1626 per
764 1562 996 1610 libidines
1032 1563 1184 1610 v-arias
1213 1565 1386 1610 caritas
1423 1563 1493 1610 di-

83 1630 243 1697 spersa
264 1631 513 1694 torpescit.
585 1630 857 1678 Munditias
876 1631 1218 1678 conviviorum
1237 1646 1284 1678 et
1311 1633 1497 1687 luxum,

84 1701 390 1766 maximeque
420 1700 624 1764 potandi
652 1700 933 1747 aviditatem
970 1701 1195 1759 vitantes,
1250 1714 1304 1746 ut
1344 1701 1491 1747 luem.

86 1771 196 1821 Nec
222 1772 351 1835 apud
380 1787 462 1817 eos
494 1784 624 1818 extra
657 1769 838 1833 regales
868 1767 1053 1815 mensas
1076 1768 1195 1814 hora
1218 1769 1282 1816 est
1303 1770 1497 1833 praesti-
1509 1778 1565 1822 77

84 1853 189 1887 tuta
209 1838 500 1904 prandendi,
530 1837 615 1886 sed
637 1853 803 1886 venter
822 1837 1088 1902 unicuique
1110 1838 1241 1884 velut
1265 1837 1496 1886 solarium

88 1909 183 1969 est,
216 1926 373 1972 eoque
405 1921 657 1969 monente,
705 1906 841 1972 quod
866 1905 1119 1967 inciderit,
1167 1906 1352 1954 editur:
1403 1926 1493 1955 nec

87 1976 347 2042 quisquam
379 1977 485 2041 post
509 1975 779 2024 satietatem
807 1974 1078 2038 superfluos
1110 1974 1200 2022 fibi
1227 1975 1404 2040 ingerit
1432 1979 1497 2023 ci-

88 2048 194 2094 bos.
267 2046 518 2108 Immane,
546 2060 779 2110 quantum
800 2045 1000 2092 restricti
1024 2059 1072 2092 et
1092 2045 1247 2105 cauti,
1295 2060 1349 2092 ut
1370 2046 1495 2092 inter
1510 2046 1566 2099 78

87 2114 299 2164 hostiles
319 2116 490 2164 hortos
518 2114 791 2178 gradientes
829 2132 1199 2192 nonnumquam
1238 2128 1285 2160 et
1318 2113 1494 2173 vineta,

90 2201 181 2231 nec
211 2184 412 2247 cupiant
442 2183 654 2248 aliquid,
698 2201 812 2254 nec
825 2184 1139 2248 contingant,
1194 2200 1491 2229 venenorum

90 2266 139 2300 et
166 2250 456 2300 secretarum
488 2252 662 2299 artium
691 2268 841 2302 metu.
923 2253 1082 2317 Super
1107 2221 1182 2298 liis
1214 2269 1300 2297 nec
1323 2250 1492 2297 [tando
1512 2264 1564 2306 79

91 2322 340 2385 mingens,
388 2338 477 2368 nec
507 2321 567 2367 ad
603 2321 825 2385 requifita
855 2336 1052 2368 natuiae
1086 2320 1311 2368 secedens
1350 2319 1491 2366 facile

91 2389 258 2438 vilitur
280 2388 448 2438 Persa:
482 2390 547 2436 ita
567 2390 896 2438 observantius
916 2392 1036 2437 haec
1056 2391 1243 2452 aliaque
1265 2387 1494 2450 pudenda

94 2458 356 2506 declinant.
426 2457 570 2506 Adeo
598 2473 759 2506 autem
790 2459 1002 2507 diffoluti
1034 2458 1164 2517 suut,
1223 2470 1269 2502 ct
1304 2469 1495 2501 artuum
1509 2465 1566 2504 30

92 2527 285 2575 laxitate
306 2545 528 2593 vagoque
549 2527 728 2575 inccss'u
749 2529 794 2576 se
824 2530 1119 2586 iactitantes,
1165 2538 1219 2571 ut
1254 2524 1497 2571 effemina-

798 2597 908 2645 Y2

142 2777 208 2828 41)
231 2775 297 2811 ΜΓ.
327 2777 557 2813 indecoribus
579 2775 712 2812 barbis,
764 2778 827 2822 42)
851 2775 900 2808 al.
929 2771 1090 2820 profixis.
1142 2773 1203 2818 43)
1231 2771 1282 2805 ccl.
1315 2769 1406 2805 soliti
1434 2767 1500 2804 sol—

98 2823 132 2856 vi
158 2835 196 2855 in
224 2835 400 2857 venerem.
