1727 3144
149 192 573 225 cous'raurius
623 191 697 223 ET
747 190 1060 221 iuuantis.
1135 178 1250 227 ὅθι.
1378 180 1472 224 255
1534 236 1536 240 y

64 305 128 354 Et
170 303 259 350 ubi
294 320 530 367 aquarum
572 299 801 348 ductibus
846 297 1115 347 interfectis
1153 299 1475 348 nihilominus

63 371 262 424 celfiore
284 371 466 418 fiducia
486 383 826 435 repugnarent,
863 371 1045 424 flumen
1071 368 1322 415 laboribus
1346 387 1476 415 aver-

61 443 180 490 titur
218 440 431 505 magnis,
474 438 610 504 quod
639 438 810 486 itidem
838 437 1009 485 frustra
1032 437 1315 484 estfactum.
1388 438 1476 483 At-

22 515 25 529 *
61 510 271 564 tenuatis
296 509 424 556 enim
447 507 749 557 avidioribus
771 506 972 554 bibendi
995 505 1233 566 subsidiis,
1255 506 1323 566 hi,
1349 524 1471 570 quos

61 580 307 627 temeritas
329 577 592 637 clauserat,
632 577 849 625 contenti
873 576 1146 641 putealibus
1169 575 1306 640 aquis
1329 593 1473 639 parce

64 649 303 696 vixerunt.

166 718 305 773 Quae
328 713 446 761 dum
466 712 706 776 agitantur
727 712 910 759 calibus
929 711 1184 759 antedictis
1198 749 1211 773 ,
1254 711 1477 776 superve-
1495 711 1545 755 18

65 785 159 844 nit,
189 799 244 831 ut
263 797 577 848 praeceptum
600 782 680 840 est,
706 781 879 843 Agilo,
908 780 1254 844 scutorumque
1276 781 1479 828 denfita-

65 868 109 900 te
143 866 421 911 contectuS,
463 867 617 914 prope
649 848 860 897 fidenter
891 850 1107 897 accessit:
1137 853 1386 915 multaque
1406 852 1477 897 lo-

63 922 242 987 quutus
279 935 326 968 et
360 938 496 980 vera,
543 919 721 983 quibus
753 918 1022 970 Constantii
1056 920 1272 981 obitum,
1315 923 1477 966 firma-

64 1005 265 1056 tumque
297 989 477 1037 Iuliani
511 986 722 1035 docebat
740 988 1032 1053 imperium,
1067 1007 1166 1036 non
1195 988 1292 1035 fine
1311 989 1477 1035 couvi-

60 1059 149 1106 ciis
168 1059 545 1124 computabatur
567 1071 624 1104 ut
640 1057 801 1105 fallax.
886 1056 931 1104 N
938 1076 992 1105 ec
1018 1057 1064 1105 ei
1099 1058 1354 1124 quisquam
1376 1076 1479 1105 cre-

60 1127 189 1176 didit
207 1129 340 1192 ‚gesta
367 1127 612 1189 narranti,
677 1140 939 1191 antequam
972 1141 1110 1191 pacta
1140 1127 1291 1175 salute
1322 1126 1478 1173 susce-

59 1211 172 1262 ptus
204 1196 265 1244 ad
293 1197 623 1262 pugnaculum
654 1194 810 1258 folus,
854 1196 953 1244 fide
978 1196 1245 1260 religiolius
1267 1195 1474 1255 reddita,

63 1284 145 1327 ea,
179 1284 303 1330 quae
324 1263 582 1325 docuerat,
611 1265 890 1328 replicaret.
941 1265 1032 1312 His
1053 1264 1256 1324 auditis,
1290 1282 1346 1312 ex
1371 1264 1475 1310 diu·
1493 1280 1546 1323 ¹9

60 1349 208 1382 turno
242 1351 420 1396 angore
449 1332 819 1397 portisreclufis
839 1351 1007 1380 omncs
1029 1334 1185 1395 effufi,
1222 1331 1476 1398 suscepere

59 1403 175 1450 laeti
200 1403 460 1468 pacificum
484 1400 688 1447 ducem:
724 1400 869 1464 seque
890 1416 1178 1466 purgantes,
1215 1402 1478 1466 Nigrinum

60 1472 212 1520 totius
250 1470 430 1518 furoris
472 1483 749 1529 auctorem,
810 1487 1094 1535 paucosque
1137 1472 1257 1518 alios
1292 1471 1480 1518 obtule-

62 1555 200 1601 runt,
251 1558 422 1587 eorum
448 1536 692 1602 supplicio
720 1536 871 1584 laesae
903 1540 1106 1586 crimina
1149 1539 1405 1586 maiestatis
1427 1554 1475 1587 et

60 1609 198 1656 urbis
222 1624 474 1656 aerumnas
497 1605 679 1670 expiari
714 1605 982 1668 poscentes.
1054 1607 1228 1654 Paucis
1259 1598 1471 1672 denisjue
1484 1626 1542 1654 20

58 1678 168 1742 post
185 1675 359 1725 diebus
378 1673 674 1739 exploratius
693 1672 909 1737 spectato
927 1676 1142 1737 negotio,
1175 1676 1475 1726 Mamertino

60 1761 166 1794 tum
186 1745 433 1793 iud'mante
460 1743 707 1806 praefecto
726 1744 991 1806 praetorio,
1014 1743 1248 1808 Nigrinus
1268 1759 1323 1792 ut
1345 1764 1476 1793 acer-

59 1816 211 1864 rimus
240 1813 360 1861 belli
389 1811 645 1859 instinctor
671 1811 858 1864 exustus
889 1813 955 1861 est
988 1813 1140 1861 vivus.
1235 1815 1472 1863 Romulus

57 1902 174 1932 vero
196 1882 303 1948 post
324 1899 437 1930 eum
459 1895 506 1929 et
524 1880 773 1927 Sabostius
793 1882 1022 1945 curiales,
1058 1883 1273 1931 convicti
1294 1884 1358 1950 ²²)
1377 1883 1475 1931 [ine

59 1951 284 2017 respectu
314 1949 521 2015 periculi
551 1948 705 1996 studia
730 1948 894 1998 sevilse
926 1951 1309 2013 discordiarum,
1357 1971 1474 2018 poe-

59 2021 160 2069 nali
177 2019 454 2084 consumpti
471 2016 581 2066 sunt
598 2019 729 2066 ferro
746 2038 755 2066 :
786 2020 846 2087 ²³)
867 2020 1045 2068 relidui
1067 2039 1233 2068 omnes
1247 2023 1474 2069 abierunt

59 2090 273 2152 innoxii,
324 2107 447 2154 quos
471 2088 520 2134 in
545 2088 863 2136 certaminum
890 2091 1073 2138 rabiem
1100 2092 1344 2139 neceffitas
1368 2109 1473 2154 ege·

59 2172 159 2220 rat,
200 2176 301 2206 non
332 2158 570 2205 voluntas.
642 2158 704 2205 Id
735 2159 863 2205 enim
896 2160 1138 2224 aequitate
1168 2160 1360 2224 pensata
1387 2161 1473 2206 sta-

58 2241 216 2274 tuerat
237 2225 489 2291 placabilis
508 2226 779 2291 Imperator
800 2241 848 2277 et
866 2229 1095 2277 clemenS.
1139 2230 1202 2276 Et
1222 2230 1341 2277 haec
1368 2228 1473 2293 qui-

62 2295 175 2344 dem
200 2295 361 2359 postea
381 2294 505 2359 gesta
530 2294 655 2342 sunt.

165 2364 382 2412 Iulianus
413 2381 530 2411 vero
562 2382 706 2427 agens
736 2365 880 2413 etiam
919 2380 1026 2414 tum
1062 2367 1191 2431 apud
1231 2365 1470 2427 Naessum,
1486 2386 1537 2416 21

63 2433 191 2481 curis
212 2432 468 2480 altioribus
498 2431 848 2496 stringebatur,
887 2437 1039 2483 multa
1060 2436 1307 2498 utrimque
1329 2435 1475 2498 perti-

63 2501 304 2550 mescens:
339 2500 633 2549 formidabat
663 2503 816 2565 enim,
860 2522 919 2552 ne
956 2504 1226 2551 clausorum
1261 2504 1473 2551 militum

67 2570 198 2634 apud
238 2570 517 2637 Aquileiam
557 2573 814 2635 repentino
842 2572 1035 2621 adsultu
1066 2571 1297 2620 obseratis
1327 2591 1473 2636 angu-

108 2755 172 2806 32)
197 2755 266 2790 ΜΓ.
290 2756 364 2792 fine
392 2770 430 2791 te
449 2783 586 2793 .....
610 2783 619 2805 7
641 2782 650 2791 .
674 2784 681 2790 .
710 2769 749 2793 ut
769 2758 924 2806 periculi
959 2758 998 2792 in
1030 2757 1157 2796 studia.
1206 2757 1272 2806 23)
1296 2755 1361 2795 Ms.
1392 2754 1472 2793 rell-

64 2799 127 2835 dur
148 2829 157 2836 .
180 2827 187 2834 .
213 2825 223 2836 .
247 2829 254 2839 ,
275 2815 338 2839 nes
357 2802 468 2838 abies.
