1727 3144
227 182 323 224 :302
467 189 732 224 amiram
768 187 1163 220 MARCELLINI
1197 175 1439 233 xxm-15.

226 305 327 352 sere
356 300 705 368 septuagefimo
741 299 1077 348 renascuntur:
1118 296 1344 364 solusque
1374 295 1635 345 fluminum

228 391 365 421 auras
398 371 549 418 nullas
568 369 791 433 despuat.

162 449 217 503 14
326 441 572 488 Exuberat
595 440 842 504 Aegyptus
865 434 1011 482 etiam
1042 433 1317 497 pecudibus
1348 435 1529 497 multis,
1562 435 1636 481 in*

225 525 299 559 ter
329 528 448 575 quas
485 507 729 556 terrestres
760 506 869 553 sunt
909 517 957 551 et
1001 502 1264 568 aquatiles:
1315 504 1462 565 aliae,
1510 520 1633 569 quae

225 580 364 628 humi
390 592 437 626 et
452 578 500 624 in
524 575 817 624 humoribus
841 573 1037 632 vivunt,
1073 569 1205 618 unde
1226 570 1451 635 οἰμφίβιοι
1476 571 1636 619 nomia

222 662 414 697 uantur.
494 646 556 694 Et
588 646 640 692 in
671 644 818 691 aridis
863 640 1065 707 quidem
1095 641 1311 704 capreoli
1355 641 1630 700 vescuntur,

226 732 274 765 et
294 715 485 774 bubali,
525 728 573 762 et
593 714 650 778 ²⁰)
669 710 983 777 spinturnicia
1007 709 1142 756 omni
1173 709 1485 758 deformitate
1518 707 1634 756 ridi·-

223 787 358 844 cula,
378 820 385 829 .
403 785 592 848 aliaque
618 781 852 841 monstra,
901 796 1025 844 quae
1058 796 1313 826 numerare
1340 798 1440 827 non
1465 779 1649 839 refert.·

166 865 218 911 15
326 855 460 901 Inter
481 851 710 917 aquatiles
733 863 893 897 autem
929 847 1098 894 bestias
1134 847 1414 894 crocodilus
1445 847 1632 910 ubique

229 940 316 987 per
345 940 427 969 eos
447 935 625 968 tractus
643 917 884 977 abundat,
922 915 1110 963 exitiale
1133 915 1411 980 quadrupes
1434 918 1630 975 malum,

231 991 482 1039 adsuetum
502 989 750 1036 elementis
773 985 1030 1044 ambobus,
1061 984 1225 1047 lingua
1246 1004 1439 1046 careus,
1473 985 1640 1030 maxil-

227 1061 324 1106 lam
351 1058 646 1122 superiorem
670 1070 986 1101 commovens
1014 1051 1177 1112 solam,
1215 1053 1388 1100 ordine
1413 1054 1636 1101 dentium

228 1127 504 1191 pectinum,
542 1121 822 1188 perniciofis
853 1118 1120 1179 nmrfibus,
1162 1122 1408 1186 quidquid
1431 1125 1482 1187 ¹¹)
1504 1141 1636 1169 con-

229 1197 417 1259 tigerit,
452 1193 758 1258 pertinaciter
789 1189 848 1255 ¹²)
872 1203 1061 1254 petenS,
1094 1205 1177 1251 per
1214 1207 1305 1236 ova
1334 1191 1481 1239 edens
1511 1192 1637 1238 fetus

167 1264 217 1306 16
233 1263 461 1310 anserinis
490 1261 675 1325 fimiiia„
722 1302 724 1304 .
757 1256 922 1323 thue
955 1270 1162 1303 armatus
1200 1257 1265 1303 est
1294 1261 1564 1323 unguibus,
1600 1259 1638 1305 fi

229 1333 432 1380 baberet
456 1331 600 1378 etiam
626 1328 852 1392 pollices,
887 1326 948 1373 ad
968 1325 1251 1372 evertendas
1277 1345 1475 1392 quoque
1496 1345 1638 1375 naves

229 1401 471 1449 sufficeret
498 1399 682 1447 viribus
712 1395 921 1459 magnis:
967 1392 1029 1440 ad
1061 1393 1340 1441 cubitorum
1371 1397 1501 1443 enim
1520 1397 1639 1444 lon-

233 1469 504 1534 gitudinem
571 1466 742 1514 decem
802 1463 1049 1511 interdum
1110 1477 1355 1524 extentus,
1411 1465 1638 1513 noctibus

232 1538 481 1602 quiescens
511 1554 594 1600 per
616 1534 788 1594 undas,
822 1532 996 1582 diebus
1016 1532 1154 1578 humi
1176 1533 1229 1597 ¹³)
1250 1532 1473 1594 vescitur,
1507 1553 1638 1582 con...

230 1607 433 1654 fidentia
457 1606 604 1665 cutis,
642 1622 787 1667 quam
813 1603 880 1649 ita
899 1600 1109 1648 validam
1138 1601 1284 1664 gerit,
1318 1616 1372 1648 ut
1403 1604 1504 1651 eius
1531 1618 1639 1651 ter-

236 1694 290 1737 ga
310 1676 615 1738 cataphracta
634 1673 715 1718 vix
734 1685 1091 1719 tormentorum
1112 1669 1289 1716 ictibus
1312 1673 1637 1734 perforentur.

171 1751 220 1788 17
235 1744 296 1790 ‚lit
315 1743 578 1791 saevientes
600 1741 789 1805 semper
809 1739 1005 1787 eaedem
1028 1740 1180 1798 ferae,
1211 1738 1342 1803 quali
1365 1755 1506 1805 pacto
1524 1741 1663 1790 foe-.-

237 1812 350 1861 dere
397 1812 609 1875 quodam
645 1808 890 1870 castrenli,
936 1826 1021 1872 per
1057 1807 1235 1872 septem
1264 1809 1642 1858 caerimoniosos

237 1876 339 1927 dies
361 1879 645 1936 mitescunt,
690 1879 749 1923 ab
774 1877 908 1928 omni
934 1877 1125 1923 saevitia
1147 1875 1488 1940 desciscentes,
1523 1879 1642 1943 qui..

235 1950 326 1995 bus
361 1947 633 1994 sacerdotes
665 1946 890 2009 Memphi
921 1946 1102 1991 natales
1135 1945 1383 1993 celebrant
1415 1950 1474 2012 ¹⁴)
1497 1947 1636 2011 Apis.

170 2018 432 2064 18Praeter
479 2034 562 2063 eos
610 2028 801 2072 autem,
847 2014 933 2076 qui
977 2013 1178 2059 fortuita
1218 2028 1426 2076 pereunt
1463 2030 1638 2078 morte,

237 2087 319 2132 alii
341 2085 685 2147 dirumpuntur
712 2081 909 2128 l'uffossis
931 2080 1046 2127 alvis
1073 2080 1302 2128 mollibus
1330 2083 1472 2131 certis
1503 2084 1638 2132 fera-

236 2172 345 2201 rum
404 2151 708 2200 dorsualibus
755 2149 929 2209 cristis,
988 2167 1103 2213 quas
1163 2149 1409 2213 delphinis
1459 2153 1638 2202 similes

235 2222 388 2269 nutrit
407 2222 580 2268 fluvius
599 2218 895 2267 antedictus:
925 2217 1004 2264 alii
1027 2217 1174 2265 exitio
1198 2218 1444 2268 intereunt
1467 2221 1519 2287 ¹⁵)
1537 2223 1637 2270 tali.

168 2310 220 2350 19
237 2290 501 2339 Trochilus
531 2288 716 2336 avicula
758 2286 943 2347 brevis,
1001 2285 1119 2332 dum
1153 2286 1369 2336 escarum
1411 2289 1639 2339 minutias

235 2374 425 2424 captat,
468 2360 594 2406 circa
623 2355 679 2421 ¹⁶)
701 2357 959 2403 cubantem
995 2356 1146 2402 seram
1189 2356 1395 2404 volitans
1439 2359 1635 2419 blande,

234 2430 288 2494 ¹⁷)
309 2445 552 2493 genasque
577 2425 677 2473 eius
700 2423 932 2473 irritatius
954 2424 1198 2471 titillando
1229 2426 1450 2488 pervenit
1480 2427 1636 2475 adus-

237 2515 331 2563 que
361 2496 514 2564 ipsam
541 2495 768 2543 viciniam
800 2494 1020 2558 gutturis.
1103 2493 1256 2558 Quod
1289 2494 1471 2541 factum
1506 2514 1637 2544 con-

236 2630 305 2639 2—-

286 2709 337 2744 ro)
365 2702 416 2738 al.
438 2702 686 2739 biliurnitatia.
744 2708 798 2744 ιι)
823 2704 873 2736 nl.
899 2698 1064 2746 tetigerit.
1123 2701 1179 2743 12)
1206 2701 1258 2734 al.
1292 2707 1429 2736 tenens.
1498 2703 1552 2738 13)
1579 2714 1635 2735 ve-

234 2747 435 2795 lwpvratur.
500 2754 554 2794 14)
586 2747 652 2784 ΜΓ.
697 2759 731 2784 et
760 2748 886 2796 Steph.
913 2751 1006 2784 Nili.
1068 2749 1127 2794 15)
1155 2746 1216 2781 tali
1246 2773 1456 2781 ......
1482 2749 1638 2781 Tim-'ni-

233 2795 298 2830 los.
363 2799 422 2844 ὼ)
454 2799 496 2833 -td
511 2796 644 2844 feram
671 2793 769 2832 deest
796 2794 890 2842 vulg.
944 2797 1006 2841 ¹7)
1036 2794 1104 2828 ΜΓ.
1132 2801 1323 2840 genasque.
