<?xml version="1.0" encoding="UTF-8"?>
<!DOCTYPE html PUBLIC "-//W3C//DTD XHTML 1.0 Transitional//EN"
    "http://www.w3.org/TR/xhtml1/DTD/xhtml1-transitional.dtd">
<html xmlns="http://www.w3.org/1999/xhtml" xml:lang="en" lang="en">
 <head>
  <title>
</title>
<meta http-equiv="Content-Type" content="text/html;charset=utf-8" />
  <meta name='ocr-system' content='tesseract 3.04.00' />
  <meta name='ocr-capabilities' content='ocr_page ocr_carea ocr_par ocr_line ocrx_word'/>
</head>
<body>
  <div class='ocr_page' id='page_1' title='image "ammianimarcellin01ammiuoft_0220.png"; bbox 0 0 1727 3144; ppageno 0'>
   <div class='ocr_carea' id='block_1_1' title="bbox 239 151 1415 232">
    <p class='ocr_par' dir='ltr' id='par_1_1' title="bbox 239 151 1415 232">
     <span class='ocr_line' id='line_1_1' title="bbox 239 151 1415 232; baseline 0.006 -34"><span class='ocrx_word' id='word_1_1' title='bbox 239 154 301 204; x_wconf 75' lang='lat'><strong>58</strong></span> <span class='ocrx_word' id='word_1_2' title='bbox 510 151 786 232; x_wconf 36' lang='grc' dir='ltr'><strong>ΑΜΜῙΛῆΝι</strong></span> <span class='ocrx_word' id='word_1_3' title='bbox 825 169 1332 212; x_wconf 66' lang='lat' dir='ltr'><strong>MARcELLlNixv,</strong></span> <span class='ocrx_word' id='word_1_4' title='bbox 1363 158 1415 206; x_wconf 74' lang='lat'><strong>5.</strong></span> 
     </span>
    </p>
   </div>
   <div class='ocr_carea' id='block_1_2' title="bbox 160 276 1643 2620">
    <p class='ocr_par' dir='ltr' id='par_1_2' title="bbox 235 276 1633 344">
     <span class='ocr_line' id='line_1_2' title="bbox 235 276 1633 344; baseline 0.002 -21"><span class='ocrx_word' id='word_1_5' title='bbox 235 276 501 326; x_wconf 86' lang='lat' dir='ltr'><strong>diceretur:</strong></span> <span class='ocrx_word' id='word_1_6' title='bbox 546 293 594 326; x_wconf 90' lang='lat' dir='ltr'><strong>et</strong></span> <span class='ocrx_word' id='word_1_7' title='bbox 621 279 744 326; x_wconf 86' lang='lat' dir='ltr'><strong>haec</strong></span> <span class='ocrx_word' id='word_1_8' title='bbox 771 276 968 327; x_wconf 83' lang='lat' dir='ltr'><strong>adfidue</strong></span> <span class='ocrx_word' id='word_1_9' title='bbox 997 278 1122 326; x_wconf 85' lang='lat' dir='ltr'><strong>clam</strong></span> <span class='ocrx_word' id='word_1_10' title='bbox 1154 280 1448 344; x_wconf 83' lang='lat' dir='ltr'><strong>querebatur</strong></span> <span class='ocrx_word' id='word_1_11' title='bbox 1479 294 1526 327; x_wconf 87' lang='lat' dir='ltr'><strong>et</strong></span> <span class='ocrx_word' id='word_1_12' title='bbox 1552 297 1633 344; x_wconf 86' lang='lat' dir='ltr'><strong>pa-</strong></span> 
     </span>
    </p>

    <p class='ocr_par' dir='ltr' id='par_1_3' title="bbox 166 347 1636 621">
     <span class='ocr_line' id='line_1_3' title="bbox 166 347 1630 408; baseline 0.003 -17"><span class='ocrx_word' id='word_1_13' title='bbox 166 363 221 405; x_wconf 76' lang='lat'><strong>29</strong></span> <span class='ocrx_word' id='word_1_14' title='bbox 234 347 346 393; x_wconf 85' lang='lat' dir='ltr'><strong>lam.</strong></span> <span class='ocrx_word' id='word_1_15' title='bbox 420 348 695 396; x_wconf 80' lang='lat' dir='ltr'><strong>Terrebant</strong></span> <span class='ocrx_word' id='word_1_16' title='bbox 717 366 805 395; x_wconf 88' lang='lat' dir='ltr'><strong>nos</strong></span> <span class='ocrx_word' id='word_1_17' title='bbox 825 361 1014 408; x_wconf 88' lang='lat' dir='ltr'><strong>tamen,</strong></span> <span class='ocrx_word' id='word_1_18' title='bbox 1058 366 1171 395; x_wconf 90' lang='lat' dir='ltr'><strong>cum</strong></span> <span class='ocrx_word' id='word_1_19' title='bbox 1202 347 1480 397; x_wconf 88' lang='lat' dir='ltr'><strong>dicerentur</strong></span> <span class='ocrx_word' id='word_1_20' title='bbox 1509 349 1630 396; x_wconf 87' lang='lat' dir='ltr'><strong>haec</strong></span> 
     </span>
     <span class='ocr_line' id='line_1_4' title="bbox 233 415 1636 483; baseline 0.001 -20"><span class='ocrx_word' id='word_1_21' title='bbox 233 430 281 463; x_wconf 89' lang='lat' dir='ltr'><strong>et</strong></span> <span class='ocrx_word' id='word_1_22' title='bbox 297 415 494 478; x_wconf 84' lang='lat' dir='ltr'><strong>fimilia,</strong></span> <span class='ocrx_word' id='word_1_23' title='bbox 529 417 974 465; x_wconf 74' lang='lat' dir='ltr'>circumfrementia</span> <span class='ocrx_word' id='word_1_24' title='bbox 994 416 1214 483; x_wconf 86' lang='lat' dir='ltr'><strong>undique</strong></span> <span class='ocrx_word' id='word_1_25' title='bbox 1244 436 1492 466; x_wconf 85' lang='lat' dir='ltr'><strong>murmura</strong></span> <span class='ocrx_word' id='word_1_26' title='bbox 1524 435 1636 465; x_wconf 86' lang='lat' dir='ltr'><strong>cau·</strong></span> 
     </span>
     <span class='ocr_line' id='line_1_5' title="bbox 229 484 1636 550; baseline 0.001 -19"><span class='ocrx_word' id='word_1_27' title='bbox 229 484 376 533; x_wconf 83' lang='lat' dir='ltr'><strong>santis</strong></span> <span class='ocrx_word' id='word_1_28' title='bbox 399 487 620 550; x_wconf 87' lang='lat' dir='ltr'><strong>inopiam</strong></span> <span class='ocrx_word' id='word_1_29' title='bbox 648 486 842 546; x_wconf 81' lang='lat' dir='ltr'><strong>militis,</strong></span> <span class='ocrx_word' id='word_1_30' title='bbox 878 499 926 533; x_wconf 88' lang='lat' dir='ltr'><strong>et</strong></span> <span class='ocrx_word' id='word_1_31' title='bbox 947 485 1117 549; x_wconf 86' lang='lat' dir='ltr'><strong>rapida</strong></span> <span class='ocrx_word' id='word_1_32' title='bbox 1144 487 1390 535; x_wconf 85' lang='lat' dir='ltr'><strong>celeritate</strong></span> <span class='ocrx_word' id='word_1_33' title='bbox 1422 485 1636 534; x_wconf 84' lang='lat' dir='ltr'><strong>ardentis</strong></span> 
     </span>
     <span class='ocr_line' id='line_1_6' title="bbox 231 556 1340 621; baseline 0.002 -20"><span class='ocrx_word' id='word_1_34' title='bbox 231 556 467 619; x_wconf 75' lang='lat' dir='ltr'><strong>angustias</strong></span> <span class='ocrx_word' id='word_1_35' title='bbox 488 556 692 620; x_wconf 78' lang='lat' dir='ltr'><strong>Alpium</strong></span> <span class='ocrx_word' id='word_1_36' title='bbox 713 573 1027 621; x_wconf 80' lang='lat' dir='ltr'><strong>perrumpere</strong></span> <span class='ocrx_word' id='word_1_37' title='bbox 1052 556 1340 604; x_wconf 86' lang='lat' dir='ltr'><strong>Cottiarum.</strong></span> 
     </span>
    </p>

    <p class='ocr_par' dir='ltr' id='par_1_4' title="bbox 164 624 1642 1099">
     <span class='ocr_line' id='line_1_7' title="bbox 164 624 1637 689; baseline -0.001 -16"><span class='ocrx_word' id='word_1_38' title='bbox 164 630 220 674; x_wconf 79' lang='lat'><strong>50</strong></span> <span class='ocrx_word' id='word_1_39' title='bbox 330 625 390 672; x_wconf 87' lang='lat' dir='ltr'><strong>In</strong></span> <span class='ocrx_word' id='word_1_40' title='bbox 423 625 521 672; x_wconf 85' lang='lat' dir='ltr'><strong>hoc</strong></span> <span class='ocrx_word' id='word_1_41' title='bbox 553 625 682 672; x_wconf 83' lang='lat' dir='ltr'><strong>aestu</strong></span> <span class='ocrx_word' id='word_1_42' title='bbox 710 624 885 671; x_wconf 88' lang='lat' dir='ltr'><strong>mentis</strong></span> <span class='ocrx_word' id='word_1_43' title='bbox 917 625 1161 689; x_wconf 48' lang='lat' dir='ltr'><strong>ancipiti,</strong></span> <span class='ocrx_word' id='word_1_44' title='bbox 1187 625 1249 672; x_wconf 87' lang='lat' dir='ltr'><strong>ad</strong></span> <span class='ocrx_word' id='word_1_45' title='bbox 1279 626 1507 674; x_wconf 84' lang='lat' dir='ltr'><strong>effectum</strong></span> <span class='ocrx_word' id='word_1_46' title='bbox 1534 638 1637 672; x_wconf 85' lang='lat' dir='ltr'><strong>ten-</strong></span> 
     </span>
     <span class='ocr_line' id='line_1_8' title="bbox 231 692 1638 759; baseline 0.001 -20"><span class='ocrx_word' id='word_1_47' title='bbox 231 692 349 740; x_wconf 85' lang='lat' dir='ltr'><strong>dens</strong></span> <span class='ocrx_word' id='word_1_48' title='bbox 375 693 632 741; x_wconf 87' lang='lat' dir='ltr'><strong>confilium</strong></span> <span class='ocrx_word' id='word_1_49' title='bbox 671 694 861 742; x_wconf 84' lang='lat' dir='ltr'><strong>occulta</strong></span> <span class='ocrx_word' id='word_1_50' title='bbox 893 693 1226 742; x_wconf 80' lang='lat' dir='ltr'><strong>scrutabamur</strong></span> <span class='ocrx_word' id='word_1_51' title='bbox 1267 694 1526 759; x_wconf 80' lang='lat' dir='ltr'><strong>indagine:</strong></span> <span class='ocrx_word' id='word_1_52' title='bbox 1569 692 1638 741; x_wconf 84' lang='lat' dir='ltr'><strong>se-</strong></span> 
     </span>
     <span class='ocr_line' id='line_1_9' title="bbox 231 762 1639 828; baseline -0.001 -19"><span class='ocrx_word' id='word_1_53' title='bbox 231 762 466 828; x_wconf 80' lang='lat' dir='ltr'><strong>deratque</strong></span> <span class='ocrx_word' id='word_1_54' title='bbox 488 765 703 826; x_wconf 77' lang='lat' dir='ltr'><strong>tandem,</strong></span> <span class='ocrx_word' id='word_1_55' title='bbox 739 764 934 811; x_wconf 88' lang='lat' dir='ltr'><strong>mutatis</strong></span> <span class='ocrx_word' id='word_1_56' title='bbox 954 782 1068 827; x_wconf 87' lang='lat' dir='ltr'><strong>prae</strong></span> <span class='ocrx_word' id='word_1_57' title='bbox 1089 763 1264 812; x_wconf 84' lang='lat' dir='ltr'><strong>timore</strong></span> <span class='ocrx_word' id='word_1_58' title='bbox 1286 763 1425 828; x_wconf 81' lang='lat' dir='ltr'><strong>saepe</strong></span> <span class='ocrx_word' id='word_1_59' title='bbox 1451 763 1639 811; x_wconf 85' lang='lat' dir='ltr'><strong>senten-</strong></span> 
     </span>
     <span class='ocr_line' id='line_1_10' title="bbox 231 831 1638 898; baseline -0.003 -19"><span class='ocrx_word' id='word_1_60' title='bbox 231 831 338 892; x_wconf 74' lang='lat' dir='ltr'><strong>tiis,</strong></span> <span class='ocrx_word' id='word_1_61' title='bbox 371 847 428 880; x_wconf 90' lang='lat' dir='ltr'><strong>ut</strong></span> <span class='ocrx_word' id='word_1_62' title='bbox 458 833 682 897; x_wconf 83' lang='lat' dir='ltr'><strong>quaelitis</strong></span> <span class='ocrx_word' id='word_1_63' title='bbox 711 850 883 895; x_wconf 77' lang='lat' dir='ltr'><strong>magna</strong></span> <span class='ocrx_word' id='word_1_64' title='bbox 915 831 1151 880; x_wconf 79' lang='lat' dir='ltr'><strong>industria</strong></span> <span class='ocrx_word' id='word_1_65' title='bbox 1178 832 1332 880; x_wconf 85' lang='lat' dir='ltr'><strong>cautis</strong></span> <span class='ocrx_word' id='word_1_66' title='bbox 1365 833 1424 898; x_wconf 71' lang='grc'><strong>38)</strong></span> <span class='ocrx_word' id='word_1_67' title='bbox 1453 833 1522 879; x_wconf 79' lang='lat' dir='ltr'><strong>r‘ei</strong></span> <span class='ocrx_word' id='word_1_68' title='bbox 1549 832 1638 876; x_wconf 83' lang='lat' dir='ltr'><strong>mi.-</strong></span> 
     </span>
     <span class='ocr_line' id='line_1_11' title="bbox 229 900 1642 965; baseline -0.002 -17"><span class='ocrx_word' id='word_1_69' title='bbox 229 901 415 963; x_wconf 81' lang='lat' dir='ltr'><strong>nistris,</strong></span> <span class='ocrx_word' id='word_1_70' title='bbox 472 902 705 949; x_wconf 84' lang='lat' dir='ltr'><strong>obstricto</strong></span> <span class='ocrx_word' id='word_1_71' title='bbox 744 902 1039 965; x_wconf 78' lang='lat' dir='ltr'><strong>religionum</strong></span> <span class='ocrx_word' id='word_1_72' title='bbox 1079 900 1446 949; x_wconf 85' lang='lat' dir='ltr'><strong>consecratione</strong></span> <span class='ocrx_word' id='word_1_73' title='bbox 1487 900 1642 948; x_wconf 84' lang='lat' dir='ltr'><strong>collo-</strong></span> 
     </span>
     <span class='ocr_line' id='line_1_12' title="bbox 231 969 1639 1035; baseline -0.001 -19"><span class='ocrx_word' id='word_1_74' title='bbox 231 970 348 1035; x_wconf 86' lang='lat' dir='ltr'><strong>quio</strong></span> <span class='ocrx_word' id='word_1_75' title='bbox 364 1007 377 1030; x_wconf 75' lang='grc'>,</span> <span class='ocrx_word' id='word_1_76' title='bbox 406 971 629 1018; x_wconf 83' lang='lat' dir='ltr'><strong>Braccati</strong></span> <span class='ocrx_word' id='word_1_77' title='bbox 650 969 1025 1018; x_wconf 76' lang='lat' dir='ltr'><strong>sollicitarentur</strong></span> <span class='ocrx_word' id='word_1_78' title='bbox 1047 985 1192 1034; x_wconf 75' lang='lat' dir='ltr'><strong>atque</strong></span> <span class='ocrx_word' id='word_1_79' title='bbox 1213 971 1439 1027; x_wconf 83' lang='lat' dir='ltr'><strong>Cornuti,</strong></span> <span class='ocrx_word' id='word_1_80' title='bbox 1467 969 1639 1019; x_wconf 75' lang='lat' dir='ltr'><strong>fluxio-</strong></span> 
     </span>
     <span class='ocr_line' id='line_1_13' title="bbox 228 1038 1638 1099; baseline -0.001 -13"><span class='ocrx_word' id='word_1_81' title='bbox 228 1040 294 1086; x_wconf 89' lang='lat' dir='ltr'><strong>ris</strong></span> <span class='ocrx_word' id='word_1_82' title='bbox 314 1039 432 1086; x_wconf 86' lang='lat' dir='ltr'><strong>fidei</strong></span> <span class='ocrx_word' id='word_1_83' title='bbox 446 1077 458 1099; x_wconf 81' lang='lat'>,</span> <span class='ocrx_word' id='word_1_84' title='bbox 496 1054 543 1087; x_wconf 86' lang='lat' dir='ltr'><strong>et</strong></span> <span class='ocrx_word' id='word_1_85' title='bbox 568 1041 792 1098; x_wconf 81' lang='lat' dir='ltr'><strong>ubertate</strong></span> <span class='ocrx_word' id='word_1_86' title='bbox 813 1038 1052 1087; x_wconf 84' lang='lat' dir='ltr'><strong>mercedis</strong></span> <span class='ocrx_word' id='word_1_87' title='bbox 1074 1038 1136 1085; x_wconf 88' lang='lat' dir='ltr'><strong>ad</strong></span> <span class='ocrx_word' id='word_1_88' title='bbox 1156 1052 1463 1087; x_wconf 77' lang='lat' dir='ltr'><strong>momentum</strong></span> <span class='ocrx_word' id='word_1_89' title='bbox 1492 1055 1638 1085; x_wconf 86' lang='lat' dir='ltr'><strong>omne</strong></span> 
     </span>
    </p>

    <p class='ocr_par' dir='ltr' id='par_1_5' title="bbox 160 1107 1642 1724">
     <span class='ocr_line' id='line_1_14' title="bbox 160 1107 1638 1173; baseline 0.001 -17"><span class='ocrx_word' id='word_1_90' title='bbox 160 1113 214 1156; x_wconf 77' lang='lat'><strong>51</strong></span> <span class='ocrx_word' id='word_1_91' title='bbox 231 1107 506 1156; x_wconf 82' lang='lat' dir='ltr'><strong>versabiles.</strong></span> <span class='ocrx_word' id='word_1_92' title='bbox 585 1109 802 1155; x_wconf 84' lang='lat' dir='ltr'><strong>Firmato</strong></span> <span class='ocrx_word' id='word_1_93' title='bbox 831 1109 997 1173; x_wconf 85' lang='lat' dir='ltr'><strong>itaque</strong></span> <span class='ocrx_word' id='word_1_94' title='bbox 1024 1109 1225 1171; x_wconf 83' lang='lat' dir='ltr'><strong>negotio</strong></span> <span class='ocrx_word' id='word_1_95' title='bbox 1260 1126 1346 1172; x_wconf 84' lang='lat' dir='ltr'><strong>per</strong></span> <span class='ocrx_word' id='word_1_96' title='bbox 1374 1107 1638 1172; x_wconf 79' lang='lat' dir='ltr'><strong>sequestres</strong></span> 
     </span>
     <span class='ocr_line' id='line_1_15' title="bbox 230 1176 1640 1242; baseline -0.002 -18"><span class='ocrx_word' id='word_1_97' title='bbox 230 1176 471 1242; x_wconf 86' lang='lat' dir='ltr'><strong>quosdam</strong></span> <span class='ocrx_word' id='word_1_98' title='bbox 501 1177 774 1241; x_wconf 61' lang='lat' dir='ltr'><strong>gregatim,</strong></span> <span class='ocrx_word' id='word_1_99' title='bbox 815 1176 1109 1225; x_wconf 81' lang='lat' dir='ltr'><strong>obscuritate</strong></span> <span class='ocrx_word' id='word_1_100' title='bbox 1136 1177 1239 1241; x_wconf 81' lang='lat' dir='ltr'><strong>ipsa</strong></span> <span class='ocrx_word' id='word_1_101' title='bbox 1269 1176 1332 1224; x_wconf 85' lang='lat' dir='ltr'><strong>ad</strong></span> <span class='ocrx_word' id='word_1_102' title='bbox 1365 1177 1418 1241; x_wconf 84' lang='lat' dir='ltr'><strong>id</strong></span> <span class='ocrx_word' id='word_1_103' title='bbox 1450 1190 1640 1240; x_wconf 85' lang='lat' dir='ltr'><strong>patran-</strong></span> 
     </span>
     <span class='ocr_line' id='line_1_16' title="bbox 231 1243 1639 1312; baseline -0.001 -20"><span class='ocrx_word' id='word_1_104' title='bbox 231 1246 352 1292; x_wconf 84' lang='lat' dir='ltr'><strong>dum</strong></span> <span class='ocrx_word' id='word_1_105' title='bbox 372 1245 606 1312; x_wconf 81' lang='lat' dir='ltr'><strong>idoneos,</strong></span> <span class='ocrx_word' id='word_1_106' title='bbox 644 1247 976 1309; x_wconf 88' lang='lat' dir='ltr'><strong>praemiorum</strong></span> <span class='ocrx_word' id='word_1_107' title='bbox 1007 1245 1364 1308; x_wconf 80' lang='lat' dir='ltr'><strong>exspectatione</strong></span> <span class='ocrx_word' id='word_1_108' title='bbox 1396 1243 1639 1300; x_wconf 72' lang='lat' dir='ltr'><strong>accensos,</strong></span> 
     </span>
     <span class='ocr_line' id='line_1_17' title="bbox 227 1312 1642 1377; baseline -0.003 -15"><span class='ocrx_word' id='word_1_109' title='bbox 227 1315 342 1363; x_wconf 84' lang='lat' dir='ltr'><strong>solis</strong></span> <span class='ocrx_word' id='word_1_110' title='bbox 378 1328 491 1361; x_wconf 91' lang='lat' dir='ltr'><strong>ortu</strong></span> <span class='ocrx_word' id='word_1_111' title='bbox 516 1314 614 1360; x_wconf 88' lang='lat' dir='ltr'><strong>iam</strong></span> <span class='ocrx_word' id='word_1_112' title='bbox 644 1314 792 1360; x_wconf 89' lang='lat' dir='ltr'><strong>rutilo</strong></span> <span class='ocrx_word' id='word_1_113' title='bbox 813 1312 998 1359; x_wconf 81' lang='lat' dir='ltr'><strong>subitus</strong></span> <span class='ocrx_word' id='word_1_114' title='bbox 1022 1326 1320 1360; x_wconf 83' lang='lat' dir='ltr'><strong>armatorum</strong></span> <span class='ocrx_word' id='word_1_115' title='bbox 1341 1315 1515 1377; x_wconf 82' lang='lat' dir='ltr'><strong>globus</strong></span> <span class='ocrx_word' id='word_1_116' title='bbox 1536 1331 1642 1360; x_wconf 85' lang='lat' dir='ltr'><strong>eru-</strong></span> 
     </span>
     <span class='ocr_line' id='line_1_18' title="bbox 227 1381 1642 1449; baseline -0.001 -19"><span class='ocrx_word' id='word_1_117' title='bbox 227 1385 328 1449; x_wconf 87' lang='lat' dir='ltr'><strong>pit:</strong></span> <span class='ocrx_word' id='word_1_118' title='bbox 372 1398 516 1447; x_wconf 80' lang='lat' dir='ltr'><strong>atque</strong></span> <span class='ocrx_word' id='word_1_119' title='bbox 532 1420 544 1443; x_wconf 82' lang='lat'>‚</span> <span class='ocrx_word' id='word_1_120' title='bbox 581 1397 635 1429; x_wconf 89' lang='lat' dir='ltr'><strong>ut</strong></span> <span class='ocrx_word' id='word_1_121' title='bbox 654 1381 777 1429; x_wconf 86' lang='lat' dir='ltr'><strong>solet</strong></span> <span class='ocrx_word' id='word_1_122' title='bbox 797 1383 848 1429; x_wconf 89' lang='lat' dir='ltr'><strong>in</strong></span> <span class='ocrx_word' id='word_1_123' title='bbox 870 1381 1033 1429; x_wconf 86' lang='lat' dir='ltr'><strong>dubiis</strong></span> <span class='ocrx_word' id='word_1_124' title='bbox 1052 1383 1196 1429; x_wconf 83' lang='lat' dir='ltr'><strong>rebus</strong></span> <span class='ocrx_word' id='word_1_125' title='bbox 1217 1381 1476 1429; x_wconf 87' lang='lat' dir='ltr'><strong>audentior</strong></span> <span class='ocrx_word' id='word_1_126' title='bbox 1490 1419 1503 1442; x_wconf 85' lang='lat'>‚</span> <span class='ocrx_word' id='word_1_127' title='bbox 1535 1400 1642 1429; x_wconf 87' lang='lat' dir='ltr'><strong>cae-</strong></span> 
     </span>
     <span class='ocr_line' id='line_1_19' title="bbox 226 1451 1640 1517; baseline -0.002 -17"><span class='ocrx_word' id='word_1_128' title='bbox 226 1453 286 1500; x_wconf 83' lang='lat' dir='ltr'><strong>fis</strong></span> <span class='ocrx_word' id='word_1_129' title='bbox 324 1451 607 1499; x_wconf 80' lang='lat' dir='ltr'><strong>custodibus</strong></span> <span class='ocrx_word' id='word_1_130' title='bbox 641 1453 771 1515; x_wconf 83' lang='lat' dir='ltr'><strong>regia</strong></span> <span class='ocrx_word' id='word_1_131' title='bbox 800 1464 1076 1516; x_wconf 82' lang='lat' dir='ltr'><strong>penetrata,</strong></span> <span class='ocrx_word' id='word_1_132' title='bbox 1117 1451 1176 1517; x_wconf 88' lang='lat'><strong>³⁹)</strong></span> <span class='ocrx_word' id='word_1_133' title='bbox 1207 1452 1462 1499; x_wconf 84' lang='lat' dir='ltr'><strong>Silvanum</strong></span> <span class='ocrx_word' id='word_1_134' title='bbox 1490 1465 1640 1498; x_wconf 82' lang='lat' dir='ltr'><strong>extra-</strong></span> 
     </span>
     <span class='ocr_line' id='line_1_20' title="bbox 227 1519 1640 1584; baseline -0.001 -16"><span class='ocrx_word' id='word_1_135' title='bbox 227 1536 363 1569; x_wconf 83' lang='lat' dir='ltr'><strong>ctum</strong></span> <span class='ocrx_word' id='word_1_136' title='bbox 408 1520 655 1582; x_wconf 72' lang='lat' dir='ltr'><strong>aedicula,</strong></span> <span class='ocrx_word' id='word_1_137' title='bbox 718 1540 818 1584; x_wconf 88' lang='lat' dir='ltr'><strong>quo</strong></span> <span class='ocrx_word' id='word_1_138' title='bbox 871 1520 1170 1568; x_wconf 82' lang='lat' dir='ltr'><strong>exanimatus</strong></span> <span class='ocrx_word' id='word_1_139' title='bbox 1210 1521 1521 1584; x_wconf 79' lang='lat' dir='ltr'><strong>confugerat,</strong></span> <span class='ocrx_word' id='word_1_140' title='bbox 1577 1519 1640 1566; x_wconf 87' lang='lat' dir='ltr'><strong>ad</strong></span> 
     </span>
     <span class='ocr_line' id='line_1_21' title="bbox 226 1587 1640 1652; baseline -0.003 -13"><span class='ocrx_word' id='word_1_141' title='bbox 226 1591 627 1638; x_wconf 86' lang='lat' dir='ltr'><strong>conventiculum</strong></span> <span class='ocrx_word' id='word_1_142' title='bbox 664 1590 782 1634; x_wconf 85' lang='lat' dir='ltr'><strong>ritus</strong></span> <span class='ocrx_word' id='word_1_143' title='bbox 813 1588 1074 1635; x_wconf 81' lang='lat' dir='ltr'><strong>Christiani</strong></span> <span class='ocrx_word' id='word_1_144' title='bbox 1114 1589 1424 1652; x_wconf 73' lang='lat' dir='ltr'><strong>tendentem,</strong></span> <span class='ocrx_word' id='word_1_145' title='bbox 1482 1587 1640 1637; x_wconf 86' lang='lat' dir='ltr'><strong>denlis</strong></span> 
     </span>
     <span class='ocr_line' id='line_1_22' title="bbox 230 1656 1049 1724; baseline -0.006 -18"><span class='ocrx_word' id='word_1_146' title='bbox 230 1658 507 1724; x_wconf 83' lang='lat' dir='ltr'><strong>gladiorum</strong></span> <span class='ocrx_word' id='word_1_147' title='bbox 527 1657 706 1703; x_wconf 83' lang='lat' dir='ltr'><strong>ictibus</strong></span> <span class='ocrx_word' id='word_1_148' title='bbox 728 1656 1049 1703; x_wconf 84' lang='lat' dir='ltr'><strong>trucidarunt.</strong></span> 
     </span>
    </p>

    <p class='ocr_par' dir='ltr' id='par_1_6' title="bbox 163 1724 1643 1929">
     <span class='ocr_line' id='line_1_23' title="bbox 163 1724 1643 1789; baseline -0.003 -14"><span class='ocrx_word' id='word_1_149' title='bbox 163 1736 220 1778; x_wconf 81' lang='lat'><strong>32</strong></span> <span class='ocrx_word' id='word_1_150' title='bbox 326 1727 399 1774; x_wconf 88' lang='lat' dir='ltr'><strong>Ita</strong></span> <span class='ocrx_word' id='word_1_151' title='bbox 422 1725 520 1772; x_wconf 74' lang='lat' dir='ltr'><strong>dux</strong></span> <span class='ocrx_word' id='word_1_152' title='bbox 540 1724 673 1772; x_wconf 82' lang='lat' dir='ltr'><strong>haud</strong></span> <span class='ocrx_word' id='word_1_153' title='bbox 697 1726 894 1772; x_wconf 73' lang='lat' dir='ltr'><strong>exilium</strong></span> <span class='ocrx_word' id='word_1_154' title='bbox 913 1725 1202 1771; x_wconf 84' lang='lat' dir='ltr'><strong>meritorum</strong></span> <span class='ocrx_word' id='word_1_155' title='bbox 1222 1724 1321 1772; x_wconf 91' lang='lat' dir='ltr'><strong>hoc</strong></span> <span class='ocrx_word' id='word_1_156' title='bbox 1351 1741 1527 1787; x_wconf 84' lang='lat' dir='ltr'><strong>genere</strong></span> <span class='ocrx_word' id='word_1_157' title='bbox 1557 1744 1643 1789; x_wconf 81' lang='lat' dir='ltr'><strong>op·-</strong></span> 
     </span>
     <span class='ocr_line' id='line_1_24' title="bbox 228 1793 1640 1860; baseline 0 -18"><span class='ocrx_word' id='word_1_158' title='bbox 228 1796 353 1860; x_wconf 87' lang='lat' dir='ltr'><strong>petit</strong></span> <span class='ocrx_word' id='word_1_159' title='bbox 386 1796 579 1855; x_wconf 76' lang='lat' dir='ltr'><strong>mortis,</strong></span> <span class='ocrx_word' id='word_1_160' title='bbox 620 1808 754 1841; x_wconf 84' lang='lat' dir='ltr'><strong>metu</strong></span> <span class='ocrx_word' id='word_1_161' title='bbox 784 1793 1163 1854; x_wconf 77' lang='lat' dir='ltr'><strong>calumniarum,</strong></span> <span class='ocrx_word' id='word_1_162' title='bbox 1207 1794 1386 1858; x_wconf 84' lang='lat' dir='ltr'><strong>quihus</strong></span> <span class='ocrx_word' id='word_1_163' title='bbox 1426 1795 1640 1842; x_wconf 77' lang='lat' dir='ltr'><strong>factione</strong></span> 
     </span>
     <span class='ocr_line' id='line_1_25' title="bbox 228 1861 1640 1929; baseline -0.001 -18"><span class='ocrx_word' id='word_1_164' title='bbox 228 1865 515 1929; x_wconf 86' lang='lat' dir='ltr'><strong>iniquorum</strong></span> <span class='ocrx_word' id='word_1_165' title='bbox 547 1864 762 1911; x_wconf 85' lang='lat' dir='ltr'><strong>irretitus</strong></span> <span class='ocrx_word' id='word_1_166' title='bbox 787 1862 852 1910; x_wconf 86' lang='lat' dir='ltr'><strong>est</strong></span> <span class='ocrx_word' id='word_1_167' title='bbox 879 1861 1073 1923; x_wconf 75' lang='lat' dir='ltr'><strong>absens,</strong></span> <span class='ocrx_word' id='word_1_168' title='bbox 1111 1877 1166 1908; x_wconf 87' lang='lat' dir='ltr'><strong>ut</strong></span> <span class='ocrx_word' id='word_1_169' title='bbox 1190 1863 1318 1909; x_wconf 87' lang='lat' dir='ltr'><strong>tueri</strong></span> <span class='ocrx_word' id='word_1_170' title='bbox 1347 1862 1490 1925; x_wconf 83' lang='lat' dir='ltr'><strong>poffit</strong></span> <span class='ocrx_word' id='word_1_171' title='bbox 1518 1863 1640 1910; x_wconf 79' lang='lat' dir='ltr'><strong>salu-</strong></span> 
     </span>
    </p>

    <p class='ocr_par' dir='ltr' id='par_1_7' title="bbox 163 1930 1640 2411">
     <span class='ocr_line' id='line_1_26' title="bbox 163 1930 1640 1997; baseline 0.001 -17"><span class='ocrx_word' id='word_1_172' title='bbox 163 1936 358 1995; x_wconf 73' lang='lat' dir='ltr'><strong>53tem‚</strong></span> <span class='ocrx_word' id='word_1_173' title='bbox 396 1933 457 1980; x_wconf 87' lang='lat' dir='ltr'><strong>ad</strong></span> <span class='ocrx_word' id='word_1_174' title='bbox 479 1931 713 1996; x_wconf 85' lang='lat' dir='ltr'><strong>praelidia</strong></span> <span class='ocrx_word' id='word_1_175' title='bbox 732 1930 1005 1997; x_wconf 74' lang='lat' dir='ltr'><strong>progressus</strong></span> <span class='ocrx_word' id='word_1_176' title='bbox 1026 1944 1252 1978; x_wconf 72' lang='lat' dir='ltr'><strong>extrema.</strong></span> <span class='ocrx_word' id='word_1_177' title='bbox 1334 1930 1477 1978; x_wconf 87' lang='lat' dir='ltr'><strong>Licet</strong></span> <span class='ocrx_word' id='word_1_178' title='bbox 1507 1933 1640 1981; x_wconf 83' lang='lat' dir='ltr'><strong>eni-m</strong></span> 
     </span>
     <span class='ocr_line' id='line_1_27' title="bbox 232 2000 1637 2067; baseline -0.001 -17"><span class='ocrx_word' id='word_1_179' title='bbox 232 2005 297 2051; x_wconf 91' lang='lat' dir='ltr'><strong>ob</strong></span> <span class='ocrx_word' id='word_1_180' title='bbox 329 2002 664 2067; x_wconf 82' lang='lat' dir='ltr'><strong>tempestivam</strong></span> <span class='ocrx_word' id='word_1_181' title='bbox 689 2002 825 2048; x_wconf 87' lang='lat' dir='ltr'><strong>illam</strong></span> <span class='ocrx_word' id='word_1_182' title='bbox 855 2019 968 2047; x_wconf 82' lang='lat' dir='ltr'><strong>cum</strong></span> <span class='ocrx_word' id='word_1_183' title='bbox 1006 2000 1260 2046; x_wconf 85' lang='lat' dir='ltr'><strong>armaturis</strong></span> <span class='ocrx_word' id='word_1_184' title='bbox 1302 2000 1637 2063; x_wconf 84' lang='lat' dir='ltr'><strong>proditionem</strong></span> 
     </span>
     <span class='ocr_line' id='line_1_28' title="bbox 230 2069 1639 2135; baseline -0.001 -16"><span class='ocrx_word' id='word_1_185' title='bbox 230 2087 340 2119; x_wconf 87' lang='lat' dir='ltr'><strong>ante</strong></span> <span class='ocrx_word' id='word_1_186' title='bbox 361 2069 608 2118; x_wconf 83' lang='lat' dir='ltr'><strong>Mursense</strong></span> <span class='ocrx_word' id='word_1_187' title='bbox 633 2071 896 2135; x_wconf 78' lang='lat' dir='ltr'><strong>praelium,</strong></span> <span class='ocrx_word' id='word_1_188' title='bbox 927 2069 1198 2131; x_wconf 79' lang='lat' dir='ltr'><strong>obligatum</strong></span> <span class='ocrx_word' id='word_1_189' title='bbox 1231 2070 1380 2132; x_wconf 77' lang='lat' dir='ltr'><strong>gratia</strong></span> <span class='ocrx_word' id='word_1_190' title='bbox 1408 2071 1639 2118; x_wconf 84' lang='lat' dir='ltr'><strong>retineret</strong></span> 
     </span>
     <span class='ocr_line' id='line_1_29' title="bbox 232 2139 1637 2200; baseline -0.001 -12"><span class='ocrx_word' id='word_1_191' title='bbox 232 2140 594 2200; x_wconf 73' lang='lat' dir='ltr'><strong>Constantiu1113</strong></span> <span class='ocrx_word' id='word_1_192' title='bbox 647 2153 703 2185; x_wconf 86' lang='lat' dir='ltr'><strong>ut</strong></span> <span class='ocrx_word' id='word_1_193' title='bbox 740 2139 946 2185; x_wconf 84' lang='lat' dir='ltr'><strong>dubium</strong></span> <span class='ocrx_word' id='word_1_194' title='bbox 976 2152 1138 2184; x_wconf 84' lang='lat' dir='ltr'><strong>tamen</strong></span> <span class='ocrx_word' id='word_1_195' title='bbox 1167 2151 1213 2184; x_wconf 86' lang='lat' dir='ltr'><strong>et</strong></span> <span class='ocrx_word' id='word_1_196' title='bbox 1253 2140 1539 2186; x_wconf 64' lang='lat' dir='ltr'><strong>mutabilem</strong></span> <span class='ocrx_word' id='word_1_197' title='bbox 1561 2158 1637 2186; x_wconf 86' lang='lat' dir='ltr'><strong>ve-</strong></span> 
     </span>
     <span class='ocr_line' id='line_1_30' title="bbox 231 2207 1640 2271; baseline 0 -15"><span class='ocrx_word' id='word_1_198' title='bbox 231 2211 456 2257; x_wconf 84' lang='lat' dir='ltr'><strong>rebatur:</strong></span> <span class='ocrx_word' id='word_1_199' title='bbox 503 2209 619 2256; x_wconf 87' lang='lat' dir='ltr'><strong>licet</strong></span> <span class='ocrx_word' id='word_1_200' title='bbox 661 2208 808 2271; x_wconf 80' lang='lat' dir='ltr'><strong>patris</strong></span> <span class='ocrx_word' id='word_1_201' title='bbox 839 2214 1047 2271; x_wconf 70' lang='lat' dir='ltr'><strong>&#39;quoque</strong></span> <span class='ocrx_word' id='word_1_202' title='bbox 1086 2207 1254 2254; x_wconf 79' lang='lat' dir='ltr'><strong>Boniti</strong></span> <span class='ocrx_word' id='word_1_203' title='bbox 1299 2208 1640 2270; x_wconf 79' lang='lat' dir='ltr'><strong>praetenderet</strong></span> 
     </span>
     <span class='ocr_line' id='line_1_31' title="bbox 230 2274 1637 2340; baseline -0.001 -14"><span class='ocrx_word' id='word_1_204' title='bbox 230 2279 377 2326; x_wconf 79' lang='lat' dir='ltr'><strong>sortia</strong></span> <span class='ocrx_word' id='word_1_205' title='bbox 410 2279 562 2340; x_wconf 82' lang='lat' dir='ltr'><strong>facta,</strong></span> <span class='ocrx_word' id='word_1_206' title='bbox 610 2277 779 2324; x_wconf 79' lang='lat' dir='ltr'><strong>Franci</strong></span> <span class='ocrx_word' id='word_1_207' title='bbox 817 2274 1046 2340; x_wconf 76' lang='lat' dir='ltr'><strong>quidem,</strong></span> <span class='ocrx_word' id='word_1_208' title='bbox 1083 2274 1168 2323; x_wconf 79' lang='lat' dir='ltr'><strong>sed.</strong></span> <span class='ocrx_word' id='word_1_209' title='bbox 1206 2295 1294 2339; x_wconf 78' lang='lat' dir='ltr'><strong>pro</strong></span> <span class='ocrx_word' id='word_1_210' title='bbox 1336 2277 1637 2324; x_wconf 80' lang='lat' dir='ltr'><strong>Constantini</strong></span> 
     </span>
     <span class='ocr_line' id='line_1_32' title="bbox 235 2345 1637 2411; baseline 0 -18"><span class='ocrx_word' id='word_1_211' title='bbox 235 2348 453 2411; x_wconf 82' lang='lat' dir='ltr'><strong>partibus</strong></span> <span class='ocrx_word' id='word_1_212' title='bbox 495 2347 546 2393; x_wconf 92' lang='lat' dir='ltr'><strong>in</strong></span> <span class='ocrx_word' id='word_1_213' title='bbox 588 2347 719 2394; x_wconf 88' lang='lat' dir='ltr'><strong>bello</strong></span> <span class='ocrx_word' id='word_1_214' title='bbox 764 2346 898 2392; x_wconf 85' lang='lat' dir='ltr'><strong>civili</strong></span> <span class='ocrx_word' id='word_1_215' title='bbox 933 2345 1108 2392; x_wconf 86' lang='lat' dir='ltr'><strong>acriter</strong></span> <span class='ocrx_word' id='word_1_216' title='bbox 1144 2359 1310 2392; x_wconf 79' lang='lat' dir='ltr'><strong>contra</strong></span> <span class='ocrx_word' id='word_1_217' title='bbox 1355 2345 1637 2393; x_wconf 79' lang='lat' dir='ltr'><strong>Licinianos</strong></span> 
     </span>
    </p>

    <p class='ocr_par' dir='ltr' id='par_1_8' title="bbox 166 2414 1639 2620">
     <span class='ocr_line' id='line_1_33' title="bbox 166 2414 1639 2480; baseline -0.003 -15"><span class='ocrx_word' id='word_1_218' title='bbox 166 2416 372 2480; x_wconf 64' lang='lat' dir='ltr'><strong>3-4l&#39;aepe</strong></span> <span class='ocrx_word' id='word_1_219' title='bbox 409 2416 596 2464; x_wconf 80' lang='lat' dir='ltr'><strong>versati.</strong></span> <span class='ocrx_word' id='word_1_220' title='bbox 679 2415 918 2463; x_wconf 84' lang='lat' dir='ltr'><strong>Evenerat</strong></span> <span class='ocrx_word' id='word_1_221' title='bbox 950 2424 1141 2473; x_wconf 73' lang='lat' dir='ltr'><strong>autem,</strong></span> <span class='ocrx_word' id='word_1_222' title='bbox 1186 2428 1444 2478; x_wconf 68' lang='lat' dir='ltr'><strong>antequam</strong></span> <span class='ocrx_word' id='word_1_223' title='bbox 1473 2414 1639 2462; x_wconf 77' lang='lat' dir='ltr'><strong>huius-</strong></span> 
     </span>
     <span class='ocr_line' id='line_1_34' title="bbox 234 2482 1637 2549; baseline 0 -18"><span class='ocrx_word' id='word_1_224' title='bbox 234 2484 374 2532; x_wconf 77' lang='lat' dir='ltr'><strong>modi</strong></span> <span class='ocrx_word' id='word_1_225' title='bbox 406 2485 595 2549; x_wconf 79' lang='lat' dir='ltr'><strong>aliquid</strong></span> <span class='ocrx_word' id='word_1_226' title='bbox 635 2484 895 2549; x_wconf 83' lang='lat' dir='ltr'><strong>agitaretur</strong></span> <span class='ocrx_word' id='word_1_227' title='bbox 935 2483 987 2528; x_wconf 89' lang='lat' dir='ltr'><strong>in</strong></span> <span class='ocrx_word' id='word_1_228' title='bbox 1028 2483 1225 2538; x_wconf 62' lang='lat' dir='ltr'><strong>Galliis,</strong></span> <span class='ocrx_word' id='word_1_229' title='bbox 1273 2496 1327 2528; x_wconf 82' lang='lat' dir='ltr'><strong>ut</strong></span> <span class='ocrx_word' id='word_1_230' title='bbox 1366 2482 1548 2530; x_wconf 70' lang='lat' dir='ltr'><strong>Romae</strong></span> <span class='ocrx_word' id='word_1_231' title='bbox 1586 2484 1637 2531; x_wconf 86' lang='lat' dir='ltr'><strong>in</strong></span> 
     </span>
     <span class='ocr_line' id='line_1_35' title="bbox 234 2550 1636 2620; baseline 0 -21"><span class='ocrx_word' id='word_1_232' title='bbox 234 2554 380 2602; x_wconf 82' lang='lat' dir='ltr'><strong>Circo</strong></span> <span class='ocrx_word' id='word_1_233' title='bbox 405 2556 621 2603; x_wconf 81' lang='lat' dir='ltr'><strong>maximo</strong></span> <span class='ocrx_word' id='word_1_234' title='bbox 641 2555 877 2620; x_wconf 66' lang='lat' dir='ltr'><strong>populus,</strong></span> <span class='ocrx_word' id='word_1_235' title='bbox 916 2551 1183 2613; x_wconf 77' lang='lat' dir='ltr'><strong>incertum,</strong></span> <span class='ocrx_word' id='word_1_236' title='bbox 1218 2552 1403 2598; x_wconf 79' lang='lat' dir='ltr'><strong>ratione</strong></span> <span class='ocrx_word' id='word_1_237' title='bbox 1426 2550 1636 2616; x_wconf 59' lang='lat' dir='ltr'><strong>(gn..-.dc;111</strong></span> 
     </span>
    </p>
   </div>
   <div class='ocr_carea' id='block_1_3' title="bbox 288 2699 588 2710">
    <p class='ocr_par' dir='ltr' id='par_1_9' title="bbox 288 2699 588 2710">
     <span class='ocr_line' id='line_1_36' title="bbox 288 2699 588 2710; baseline 0.013 -4"><span class='ocrx_word' id='word_1_238' title='bbox 288 2699 410 2708; x_wconf 61' lang='lat'><strong>...„....—.</strong></span> <span class='ocrx_word' id='word_1_239' title='bbox 426 2705 451 2708; x_wconf 36' lang='grc' dir='ltr'><strong>,ψ</strong></span> <span class='ocrx_word' id='word_1_240' title='bbox 462 2706 467 2708; x_wconf 93' lang='grc'>.</span> <span class='ocrx_word' id='word_1_241' title='bbox 484 2705 588 2710; x_wconf 45' lang='grc' dir='ltr'><strong>...Ἦ</strong></span> 
     </span>
    </p>
   </div>
   <div class='ocr_carea' id='block_1_4' title="bbox 592 2703 800 2710">
    <p class='ocr_par' dir='ltr' id='par_1_10' title="bbox 592 2703 800 2710">
     <span class='ocr_line' id='line_1_37' title="bbox 592 2703 800 2710; baseline 0 434"><span class='ocrx_word' id='word_1_242' title='bbox 592 2703 800 2710; x_wconf 95' lang='lat' dir='ltr'><strong> </strong></span> 
     </span>
    </p>
   </div>
   <div class='ocr_carea' id='block_1_5' title="bbox 286 2788 1143 2839">
    <p class='ocr_par' dir='ltr' id='par_1_11' title="bbox 286 2788 1143 2839">
     <span class='ocr_line' id='line_1_38' title="bbox 286 2788 1143 2839; baseline -0.004 -14"><span class='ocrx_word' id='word_1_243' title='bbox 286 2791 344 2829; x_wconf 62' lang='grc'><strong>’59)</strong></span> <span class='ocrx_word' id='word_1_244' title='bbox 370 2791 513 2837; x_wconf 62' lang='lat' dir='ltr'><strong>rdsstvi</strong></span> <span class='ocrx_word' id='word_1_245' title='bbox 544 2788 641 2828; x_wconf 62' lang='lat' dir='ltr'><strong>‹lsest</strong></span> <span class='ocrx_word' id='word_1_246' title='bbox 667 2789 709 2825; x_wconf 74' lang='lat' dir='ltr'><strong>al.</strong></span> <span class='ocrx_word' id='word_1_247' title='bbox 764 2791 828 2839; x_wconf 71' lang='lat'><strong>39)</strong></span> <span class='ocrx_word' id='word_1_248' title='bbox 858 2789 924 2825; x_wconf 70' lang='grc' dir='ltr'><strong>ΜΓ.</strong></span> <span class='ocrx_word' id='word_1_249' title='bbox 954 2789 1143 2836; x_wconf 74' lang='lat' dir='ltr'><strong>[ignarum.</strong></span> 
     </span>
    </p>
   </div>
  </div>
 </body>
</html>
