1727 3144
186 130 195 138 ’
253 133 685 184 coxsrawfxus
721 153 794 184 ET
838 147 1161 184 nunnus.
1233 139 1352 185 558.
1431 139 1522 200 157

110 264 253 310 nimis
288 263 474 311 stratus.
555 262 618 310 Et
655 260 822 310 amill'o
851 260 988 312 vocis
1010 256 1316 325 officiovprae‘
1332 262 1527 326 timore,

112 335 146 397 ⁵)
168 347 270 379 tum
287 370 299 394 ,
334 351 448 379 cum
469 350 607 379 orare
626 332 846 392 deberet,
879 330 1115 378 maiorem
1137 328 1524 381 misericordiam

109 404 291 462 movit,
324 410 526 449 eo'natus
562 401 850 469 aliquoties,
885 416 1182 465 parumque,
1222 399 1523 464 impediente

107 470 345 534 linguitu,
372 470 623 535 permiss'us
649 472 916 534 explicare,
951 486 1076 534 quae
1103 468 1352 534 poscebat.
1433 470 1523 517 Re-

108 554 297 587 creatus
329 541 542 605 denique
580 540 803 600 tandem,
848 537 1096 602 iuffusque
1127 537 1409 606 ensurgere,
1445 557 1524 603 ge-

106 609 253 656 nibus
285 609 423 656 nixus
453 609 541 656 ul'u
571 609 762 674 linguae
807 621 1122 672 recuperato,
1165 607 1524 656 concellionem

107 677 403 724 delictorum
423 677 512 724 [ibi
533 677 683 725 tribui
705 675 995 742 supplicavit
1020 691 1066 724 et
1097 679 1290 726 veniam
1308 677 1339 724 :⁴
1364 694 1524 742 eoque

106 746 169 792 ad
198 746 496 810 precandum
527 747 723 794 admiffa
754 745 1049 806 multitudo,
1087 746 1226 795 cuius
1250 764 1333 803 ora
1355 746 1524 794 formi-

108 814 172 861 do
203 820 334 863 muta
370 816 656 877 claudebat,
696 817 918 881 periculo
954 815 1117 878 adhue
1162 816 1522 880 praestantioris

105 884 360 949 ambiguo:
396 886 483 932 ubi
507 886 587 932 ille
607 884 710 933 folo
729 885 875 933 iuss'us
908 886 1094 942 attolli,
1131 883 1305 932 orandi
1332 884 1521 948 liguum

107 952 496 1017 exspectantibus
520 953 605 1001 diu
633 954 941 1015 monstravit,
977 971 1146 1001 onmes
1179 955 1359 1020 clypeis
1394 955 1521 1001 telis-

107 1040 201 1086 que
233 1024 464 1086 proiectis
494 1042 664 1070 manus
696 1024 924 1089 precibus
957 1022 1225 1084 dederunt,
1273 1024 1410 1087 plura
1444 1042 1521 1070 ex·-

106 1091 403 1155 cogitantes,
447 1107 503 1140 ut
532 1093 784 1142 vincerent
820 1093 1096 1141 humilitate
1123 1091 1426 1157 supplicandi
1451 1110 1520 1139 re-

104 1162 271 1221 galem.
345 1163 566 1210 Duxerat
580 1163 745 1227 potior
764 1181 878 1210 cum
898 1163 1101 1210 caeteris
1119 1162 1353 1209 Sarmatis
1374 1161 1518 1207 etiam

104 1228 143 1292 ⁶)
164 1229 464 1291 Rumonem,
499 1246 545 1278 et
574 1232 856 1292 Zinafrum,
894 1246 940 1278 et
961 1230 1271 1293 Fragiledum
1291 1228 1521 1292 subregu-

102 1298 202 1357 los,
235 1299 569 1364 plurimosque
593 1301 850 1363 optimates
868 1336 880 1357 ,
915 1318 1026 1345 cum
1046 1301 1086 1362 ⁷)
1110 1298 1403 1360 impetrandi
1436 1298 1518 1362 l'pe

105 1365 277 1413 fimilia
317 1369 572 1430 petituros
657 1368 784 1425 Qui,
831 1368 946 1414 lieet
975 1367 1088 1414 elati
1132 1365 1311 1429 gaudio
1357 1367 1518 1414 salutis

105 1435 345 1496 indultae,
382 1435 724 1483 conditionum
756 1436 941 1482 sarcina
976 1433 1290 1500 compensare
1320 1436 1518 1483 inimice

106 1506 229 1550 sacta
254 1505 636 1568 pollicebantur,
668 1505 812 1568 seque
833 1523 943 1551 cum
977 1504 1289 1550 facultatibus
1321 1518 1368 1551 et
1398 1505 1521 1551 libe.-

107 1573 169 1619 ris
194 1587 241 1620 et
262 1574 552 1637 coniugibus
573 1588 912 1637 terrarumque
940 1573 1134 1619 suarum
1165 1573 1377 1632 ambitu,
1422 1574 1519 1620 Ro-

107 1660 276 1689 manae
313 1662 316 1663 ’
351 1643 562 1690 otentiae
604 1642 814 1689 libenter
849 1640 888 1707 ⁸)
933 1641 1186 1688 offerrent:
1249 1643 1520 1704 praevaluit

107 1660 515 1776 tamenAEquitati
538 1711 702 1758 iuncta
722 1710 993 1774 benignitas
1015 1728 1023 1756 :
1068 1709 1271 1773 iuffique
1297 1710 1519 1758 obtinere

103 1778 239 1828 sedes
262 1779 516 1844 impavidi,
550 1780 738 1827 nostros
764 1778 1022 1828 reddidere
1043 1779 1278 1844 captivos.
1352 1780 1520 1826 Duxe-

104 1863 315 1915 runtque
344 1848 536 1896 obfides
574 1849 864 1914 postulatos,
911 1863 958 1896 et
1000 1848 1202 1896 obedire
1241 1849 1516 1912 ‘praeceptis

107 1917 284 1966 deinde
311 1918 661 1983 promptissime
684 1917 1067 1984 spoponderunt.
1141 1917 1384 1965 Hortante
1416 1919 1513 1965 hoc

106 1989 330 2051 exemplo
366 1988 682 2046 clementiae,
731 1989 1024 2035 advolarunt
1059 1987 1240 2050 regales
1271 2005 1384 2033 cum
1418 1984 1515 2033 suis

107 2056 335 2103 omnibus
366 2057 631 2104 Araharius
667 2071 714 2104 et
753 2055 946 2117 Usafer,
993 2057 1119 2103 inter
1153 2055 1407 2120 optimates
1440 2073 1517 2102 ex-

105 2125 360 2189 uellentes,
395 2126 642 2189 agminum
663 2127 916 2191 gentilium
942 2125 1088 2173 duces
1108 2162 1120 2185 ,
1157 2142 1366 2190 quorum
1394 2124 1513 2170 alter

105 2194 145 2257 ⁹)
179 2194 666 2258 Transiugitanorum
691 2197 748 2260 ¹⁰)
780 2195 1170 2258 Quadorumque
1204 2193 1353 2256 parti,
1397 2193 1515 2239 alter

107 2262 400 2325 quibusdam
422 2264 652 2311 Sarmatis
674 2279 915 2329 praeerat,
949 2265 1172 2311 locorum
1205 2261 1431 2309 confiniis
1464 2275 1514 2307 et

105 2331 295 2378 scritate
317 2332 646 2379 iunctissimis:
683 2352 892 2398 quorum
921 2334 1116 2397 plebem
1146 2331 1325 2378 veritus
1356 2329 1516 2392 Impe-

107 2415 262 2460 rator,
305 2419 363 2447 ne
393 2401 536 2449 ferire
564 2401 761 2449 foedera
792 2402 1039 2463 litnnlans,
1085 2402 1136 2447 iu
1164 2416 1294 2446 arma
1317 2412 1514 2462 repente

108 2470 449 2534 consurgeret,
480 2470 692 2519 discreto
713 2472 980 2530 consortio,
1009 2488 1098 2535 pro
1119 2467 1351 2516 Sarmatis
1379 2465 1516 2520 Obse-

282 2605 391 2612 .—....

156 2683 190 2719 5)
230 2677 351 2725 Steph.
395 2677 478 2711 dum
525 2691 616 2711 eum.
681 2679 722 2719 (ἶ)
760 2675 825 2709 Ms.
860 2676 1069 2710 Rumor-vm.
1128 2674 1164 2718 7)
1193 2672 1262 2707 ΜΓ.
1293 2671 1510 2720 impetrandi

112 2719 263 2802 ᾞᾬῐιιᾶἰ
302 2730 338 2769 8)
378 2725 500 2771 Sceph.
540 2725 722 2760 offers-snt.
782 2726 824 2768 55)
848 2721 1221 2764 'l‘ransl'ugitanorum.
1290 2723 1344 2765 10)
1373 2719 1418 2756 ινδ
1445 2732 1511 2764 qur

1544 489 1594 517 10

1543 1180 1588 1206 11

1539 1934 1590 1963 12
