1727 3144
162 118 259 162 560
399 130 662 166 AMMIANl
697 129 1086 167 MARCELLINI
1112 131 1256 178 xxw,
1305 119 1351 167 4.
1388 106 1433 164 5}

167 238 276 287 dam
307 239 532 291 vitalibus
556 240 811 288 obstructis
844 234 1063 288 necavit:
1111 241 1232 289 alios
1259 241 1452 306 ignium
1498 240 1581 290 ad-

165 311 307 356 ssatus
337 308 570 356 immiffus
596 308 838 374 piodire
827 327 877 356 ln
916 310 1188 373 perniciem
1229 312 1393 374 coegit
1439 311 1582 360 abru-

169 393 326 442 ptam:
365 392 411 425 et
430 378 491 424 ita
524 379 750 426 omnibus
780 378 911 425 ferio
941 377 1233 427 incendiove
1262 378 1580 445 consumptis,

173 446 236 495 ad
258 444 383 509 sinna
406 446 658 511 iepedavit
683 446 818 495 ocius
840 447 996 495 miles.
1079 447 1191 496 Hoc
1230 448 1380 495 modo
1411 449 1581 496 civitas

175 516 354 579 ampla
364 530 410 563 et
448 516 682 581 pqulosa
716 534 788 563 vn
795 531 893 563 tute
933 516 1126 564 10b01·is
1167 516 1319 566 excisa
1357 516 1582 580 Romani,

174 584 225 635 in
248 586 499 648 pulverem
519 584 736 632 concidit
758 599 804 633 et
826 585 1000 633 ruinas.

104 659 154 701 31
274 650 385 700 Post
412 672 533 718 quae
555 667 652 701 tam
673 653 880 718 gloriosa
901 653 1115 703 transitis
1136 654 1389 718 pontibus,
1406 653 1582 701 multo-

175 741 280 771 rum
316 724 531 769 amnium
567 721 805 770 concursu
835 722 1156 782 continuatis,
1201 723 1264 769 ad
1284 722 1583 770 munimenta

177 791 364 854 gemina
404 792 622 839 venimus
650 790 886 839 aedificiis
919 795 1074 839 cautis
1095 790 1351 838 exstructa:
1394 790 1482 836 ubi
1503 790 1587 837 Vi-

175 874 362 907 ctorem
394 860 636 908 Comitem
667 860 901 907 exercitus
936 860 1182 924 praevium
1217 878 1243 906 a
1266 858 1471 906 transitu
1498 860 1589 904 flu·

178 928 321 978 minis
343 928 465 991 regis
485 929 633 984 filius,
652 927 922 991 progrelsus
943 946 968 974 a
990 927 1305 992 Ctefiphonte
1326 945 1437 975 cum
1462 925 1592 990 opti-

175 996 386 1046 matibus
414 1010 459 1042 et
483 995 797 1042 multitudine
821 1010 1026 1055 armata,
1075 996 1339 1060 prohibere
1369 1009 1590 1057 conatus,

177 1064 383 1113 catervis
405 1063 710 1128 loquentium
739 1063 948 1110 militum
971 1062 1080 1111 vifis
1102 1064 1338 1112 absceffit.
1569 1107 1573 1111 .

140 1155 159 1185 1
275 1133 337 1179 V.
370 1132 658 1194 Pergentes
649 1145 812 1196 itaque
849 1132 1071 1196 puotinus
1105 1132 1167 1181 ad
1197 1132 1333 1180 lucos
1353 1132 1591 1191 venimus,

180 1218 418 1265 agiosque
452 1202 579 1264 pube
611 1200 852 1249 va1i01um
885 1200 1125 1250 seminum
1163 1201 1340 1251 laetos:
1395 1201 1484 1247 ubi
1524 1217 1596 1247 ie-

178 1284 315 1333 pelta
349 1270 476 1333 regia
509 1270 730 1318 Romano
762 1288 900 1318 moie
931 1269 1211 1331 aedificata,
1274 1269 1504 1333 quoniam
1539 1267 1596 1314 id

137 1356 164 1385 z
180 1339 443 1402 placuerat,
480 1338 680 1385 mansit
668 1350 864 1386 intacta.
936 1339 1053 1386 Erat.
1072 1339 1218 1389 etiam
1235 1338 1284 1385 in
1307 1339 1398 1385 hac
1425 1335 1598 1384 eadem.

182 1409 379 1470 regione
397 1422 644 1455 extentum
666 1406 876 1472 spatium
897 1421 945 1455 et
961 1408 1244 1468 rotundum,
1270 1407 1450 1454 loricae
1463 1405 1598 1452 amb-

180 1476 255 1524 itu
297 1476 730 1538 circumclausum,
787 1476 1042 1527 destinatas
1086 1476 1230 1541 regiis
1267 1474 1599 1540 voluptatibus

181 1545 437 1593 continens
471 1546 625 1607 feras,
669 1546 943 1594 cervicibus
976 1546 1155 1593 iubatis
1183 1546 1376 1606 leones,
1435 1543 1600 1591 armis-

185 1631 280 1677 que
300 1612 521 1678 hispidos
544 1632 712 1678 apros,
746 1628 793 1661 et
815 1613 1063 1680 ursosg(ut
1089 1614 1199 1662 sunt
1230 1612 1442 1677 Perfici)
1476 1611 1610 1659 ultra

185 1699 381 1729 omnem
404 1682 589 1730 rabiem
613 1681 890 1744 saevientem,
920 1696 967 1730 et
991 1683 1083 1731 alia
1099 1684 1224 1730 lecta
1246 1682 1476 1730 immania
1497 1696 1603 1727 cor-

181 1767 305 1813 pora
328 1750 616 1799 bestiarum:
650 1770 769 1816 quas
792 1770 961 1799 omnes
986 1751 1217 1802 diffractis
1239 1765 1491 1816 portarum
1516 1748 1604 1796 ol>-

184 1818 371 1879 icibus‚
410 1820 596 1883 equites
621 1820 770 1867 nostri
793 1821 1055 1868 venatoiiis
1073 1821 1254 1873 lanceis
1283 1833 1329 1867 et
1352 1817 1605 1867 miffilium

143 1885 501 1947 zmultitudine
525 1887 871 1935 confodenunt.
943 1891 980 1954 ¹)
1012 1889 1151 1945 Quae
1178 1890 1287 1936 loca
1316 1887 1487 1951 pingui
1509 1884 1602 1931 fitu

190 1968 238 2002 et
262 1955 423 2001 cultu:
457 1955 636 2018 quibus
656 1954 913 2019 2)Coche‚
961 1975 1104 2021 quam
1142 1957 1415 2003 Seleuciam
1447 1952 1605 2000 nomi-

186 2037 332 2084 nant,
377 2022 511 2070 haud
539 2022 731 2086 longius
762 2022 1064 2087 dispatatuxz
1112 2023 1199 2070 ubi
1231 2023 1413 2071 vallatis
1454 2038 1605 2085 opere

188 2091 509 2139 tumultuario
533 2091 722 2151 castus
757 2106 804 2139 et
834 2092 1045 2140 exetcitu
1087 2091 1221 2138 omni
1252 2109 1338 2155 per
1368 2108 1606 2155 aquarum

191 2173 240 2207 ct
273 2160 438 2225 pabuli
467 2174 746 2223 opportuna
788 2159 942 2207 biduo
986 2174 1227 2220 recreato,
1313 2158 1605 2223 antegressus

189 2245 304 2276 cum
336 2227 756 2292 procursatoribus
785 2229 1037 2293 princeps,
1087 2243 1134 2276 et
1165 2228 1411 2276 civitatem
1449 2226 1606 2275 deser-

191 2312 291 2344 tam
314 2296 592 2345 collustrans
606 2333 619 2358 ,
661 2316 685 2344 a
706 2298 840 2345 Vero
862 2295 1364 2362 P1*incipe*quondam
1385 2295 1606 2356 excisam,

192 2365 230 2430 ³)
262 2366 310 2412 in
347 2385 441 2430 qua
475 2381 738 2430 perpetuus
782 2366 891 2413 fons
939 2365 1156 2430 stagnum
1195 2366 1364 2429 ingens
1413 2364 1605 2424 eiectat,

193 2434 244 2481 in
267 2434 520 2497 Tigridem
544 2434 784 2482 defluens:
822 2452 1030 2498 corpora
1051 2434 1174 2482 vidit
1192 2434 1359 2483 suffixa
1373 2431 1605 2497 patibulis

192 2503 346 2551 multa
369 2507 408 2568 ⁴)
432 2502 833 2550 necessitudinum
859 2504 986 2564 eius,
1020 2522 1165 2567 quem
1193 2499 1458 2567 prodidiffe
1491 2500 1608 2549 civi-

202 2623 291 2633 ...—

567 2627 679 2638 -—.-..

244 2689 278 2731 ι)
302 2688 365 2723 ΜΓ.
398 2690 501 2734 Quae
530 2689 612 2739 loeo
642 2690 766 2735 pingui
794 2688 884 2726 ficas.
942 2690 987 2740 2)
1022 2688 1090 2727 ΜΓ,
1120 2700 1333 2737 coaequans,
1401 2688 1440 2734 3)
1472 2683 1539 2721 ΜΓ.
1570 2684 1609 2721 in

197 2747 280 2782 quo.
330 2741 367 2780 4)
398 2739 448 2771 al.
477 2738 766 2771 nect-nmmum.
