1727 3144
231 133 652 166 consrANTius
685 131 759 162 ΕΤ
793 131 1118 163 muninus.
1192 120 1310 179 559.
1408 122 1505 181 569

91 241 350 293 videbatur
367 280 379 303 ,
412 240 733 301 diffundimur
751 241 978 290 univerfi.
1047 242 1281 308 Dumque
1310 242 1358 291 se
1378 245 1509 309 quis-

92 330 188 376 que
222 312 451 377 expedire
483 310 766 359 discrimine
807 329 983 373 magno
1025 326 1258 373 conatur,
1310 311 1505 376 sparsim

95 382 289 428 disiecti
310 381 437 428 hosti
455 380 790 429 concursatori
809 380 1084 428 miscemur.
1158 381 1349 445 Itaque,
1379 380 1506 447 spre-
1525 396 1552 436 9

38 474 39 477 ¹
92 463 141 497 ta
157 452 252 497 iam
276 450 472 498 vivendi
497 450 795 514 cupiditate,
839 450 1033 497 fortiter
1064 448 1404 511 decernentes,
1443 451 1508 498 ad

91 518 221 584 ripas
245 520 474 583 pellimur
494 518 712 584 Tigridis
733 520 824 565 alte
853 518 1045 566 excisas.
1129 518 1275 567 Unde
1306 519 1510 584 quidam

92 589 386 653 praecipites
435 587 582 653 pulsi,
640 588 1007 654 implicantibus
1048 590 1194 635 armis
1231 587 1509 649 haeserunt,

92 657 181 702 ubi
201 657 407 704 vadosus
431 657 497 704 est
519 657 670 704 amnis
690 656 717 704 :¹
738 656 819 702 alii
840 656 880 720 ²)
903 657 1187 704 lacunarum
1218 657 1374 719 hausti
1405 676 1510 705 ver-

90 726 245 788 tigine
287 726 604 773 vorabantur:
659 725 886 772 nonnulli
925 745 1038 772 cum
1079 726 1216 774 hoste
1255 726 1510 791 congressi,

90 794 228 842 vario
252 808 430 842 eventu
453 793 727 841 certabant:
766 793 970 858 quidam
1002 813 1274 843 cuneorum
1309 794 1512 843 densita-

91 875 140 910 te
164 863 439 926 perterriti,
488 864 717 928 petebant
752 864 1003 927 proximos
1035 864 1190 912 Tauri
1218 865 1400 913 montis
1434 883 1510 912 ex·-

92 931 262 979 cess'us.
335 932 470 979 Inter
489 950 614 995 quos
639 931 738 979 dux
770 928 872 997 ipse
901 933 1120 998 agnitus,
1160 949 1510 999 pugnatorum-

93 1019 190 1065 que
231 1001 362 1049 mole
404 1001 759 1061 circumdatus,
827 1021 939 1050 cum
988 1003 1251 1050 Aiadalthe
1290 1003 1509 1067 tribuno,

93 1071 366 1135 caloneque
385 1088 514 1132 uno,
551 1070 666 1135 equi
684 1071 932 1118 celeritate
956 1086 1150 1136 ereptus
1174 1072 1408 1119 abseessit.

187 1139 344 1201 Mihi,
382 1139 501 1187 dum
523 1140 658 1187 avius
680 1140 740 1186 ab
761 1141 935 1188 itinere
958 1142 1221 1201 comitum,
1257 1140 1378 1205 quid
1406 1158 1511 1205 agee

93 1223 224 1269 rem,
264 1207 634 1273 circumspicio,
686 1210 1025 1257 Verennianus
1071 1208 1363 1257 domesticus
1397 1227 1510 1274 pro-

93 1288 251 1323 tector
271 1277 510 1338 occurrit,
544 1279 703 1324 femur
727 1276 892 1339 sagitta
916 1280 1168 1325 confiniis:
1209 1295 1356 1341 quam
1391 1278 1511 1325 dum

93 1346 300 1392 avellere
336 1345 604 1393 obtestante
636 1345 824 1408 collega
861 1363 1092 1405 conarer,
1144 1345 1333 1393 cinctus
1369 1346 1512 1393 undi-

95 1431 190 1477 que
222 1416 623 1462 antecedentibus
651 1413 832 1472 Persis,
890 1414 1138 1462 civitatem
1173 1415 1400 1479 petebam
1431 1434 1512 1462 an-

94 1482 212 1530 helo
242 1483 386 1549 cursu
415 1483 662 1548 rependo,
709 1500 763 1530 cx
795 1500 853 1529 eo
891 1484 1068 1543 latere,
1117 1501 1216 1546 quo
1255 1483 1514 1531 iueess'eba-

94 1570 233 1612 mur,
271 1552 321 1598 in
345 1551 499 1599 arduo
523 1550 686 1610 fitam,
720 1568 922 1614 unoque
958 1550 1190 1598 adscensu
1220 1553 1511 1616 perangusto

95 1621 383 1681 meabilem,
429 1637 576 1683 quem
609 1618 753 1666 scissis
789 1619 999 1665 collibus
1029 1619 1242 1666 molinae
1273 1619 1336 1666 ad
1365 1622 1511 1669 calles

95 1687 316 1736 astandas
349 1688 655 1749 aedificatae,
701 1687 892 1735 densius
920 1688 1331 1752 constringebant.
1414 1690 1512 1737 Hic

94 1758 223 1806 misti
245 1777 358 1805 cum
380 1757 559 1819 Perfis,
590 1757 767 1805 eodem
792 1758 895 1804 ictu
919 1757 1325 1822 procurrentibus
1356 1758 1419 1805 ad
1439 1759 1514 1806 su-

91 1828 288 1893 periora
310 1827 596 1888 nobiscum,
625 1826 846 1892 adusque
871 1841 1035 1874 ortum
1059 1827 1255 1874 alterius
1284 1826 1399 1874 solis
1423 1829 1514 1876 im-

94 1896 304 1944 mobiles
327 1896 545 1944 stetimus
567 1897 635 1943 ita
654 1896 865 1944 conferti
880 1933 893 1957 ,
930 1910 986 1942 ut
1005 1894 1256 1943 caesorum
1277 1895 1512 1945 cadavera

92 1966 410 2014 multitudine
429 1966 550 2026 fulta
578 1967 792 2030 reperire
825 1965 1001 2013 ruendi
1034 1964 1240 2029 spatium
1272 1984 1513 2031 nusquam

91 2034 310 2099 possent:
348 2048 501 2099 utque
533 2035 673 2083 miles
697 2049 806 2083 ante
839 2051 917 2082 me
946 2033 1145 2099 quidam
1174 2033 1512 2083 discriminato

92 2103 281 2167 capite,
329 2102 465 2166 quod
492 2104 544 2150 in
579 2122 756 2170 aequas
793 2118 954 2169 partes
994 2104 1119 2150 ictus
1151 2103 1511 2168 gladii‘fiderat.

94 2171 434 2232 validissimus,
481 2171 531 2218 in
563 2173 737 2238 stipitis
767 2173 973 2220 modum
1002 2172 1224 2238 undique
1267 2186 1510 2220 coartatus

94 2246 329 2291 haeieret.
408 2240 471 2287 Et
500 2241 617 2289 licet
656 2243 949 2308 multiplicia
986 2243 1080 2290 tela
1118 2260 1205 2307 pcr
1242 2254 1513 2289 tormento-

96 2328 206 2357 rum
239 2309 403 2356 omnia
436 2327 611 2372 genera
649 2312 868 2359 volarent
902 2329 927 2360 e
958 2310 1367 2388 propugnaculis,
1413 2310 1511 2358 hoc

95 2392 257 2426 tamen
293 2378 515 2443 periculo
544 2397 797 2428 murorum
835 2399 923 2428 nos
961 2379 1300 2446 propinquitas
1335 2379 1513 2427 exime-

96 2446 206 2494 bat:
252 2445 550 2510 tandemque
579 2466 667 2511 per
701 2449 936 2513 posticam
971 2448 1228 2512 ingrclsus,
1285 2448 1512 2495 iefeitam

98 2515 263 2563 inveni
283 2518 562 2563 confluente
587 2533 642 2563 ex
661 2518 883 2565 finitimis
907 2518 1037 2565 virili
1058 2531 1105 2564 et
1124 2516 1347 2562 muliebr
1325 2536 1353 2562 1
1375 2515 1509 2565 Iexu.

99 2583 230 2632 Nam
265 2599 313 2632 et
344 2583 457 2632 casu
491 2585 588 2632 illis
614 2585 726 2651 ipsis
747 2585 957 2653 'diebuQ
1000 2587 1048 2634 in
1068 2585 1356 2634 suburbanis
1376 2603 1514 2651 pere-

145 2747 188 2794 2)
214 2746 281 2782 Ms.
306 2747 542 2785 lacunarium.

1534 957 1584 985 10

1533 1160 1579 1190 11

1535 1708 1586 1737 12
