1727 3144
226 135 324 180 426
476 148 746 181 ΑΜΜῐΑΝι
780 122 1178 182 MARcELLINI
1222 151 1372 195 xxv1,
1406 154 1452 199 9.

221 260 381 308 ferens
401 259 564 308 fecum
579 299 590 320 ,
619 275 674 308 ut
694 279 782 325 pro
800 260 1042 325 imperiali
1065 261 1297 326 germine,
1333 263 1413 311 cui
1435 261 1482 311 sc
1507 281 1631 329 quo-

225 348 319 394 que
351 330 572 377 iunctum
608 330 842 390 addebat,
895 344 1166 393 pugnarent
1200 332 1483 393 audentius,
1532 333 1627 380 iras

221 399 436 446 militum
475 399 790 446 accendebat.
873 398 1012 445 Sicut
1049 399 1314 464 aliquando
1350 401 1631 448 dimicaturi

221 467 521 516 Macedones
551 487 666 517 cum
693 467 896 533 Illyriis,
944 467 984 532 ²)
1006 485 1168 531 regem
1203 469 1363 518 adhuc
1393 471 1629 518 infantem

218 536 273 583 in
291 537 432 584 cunis·
448 538 671 584 locavere
692 535 800 600 post
821 536 975 583 aciem
989 573 1001 596 ‚
1033 536 1171 584 cuius
1195 552 1329 585 metu
1343 576 1357 599 ,
1388 557 1449 585 ne
1471 538 1632 586 trahe-

223 620 355 654 retur
375 607 622 670 captivus,
662 604 887 653 adversos
910 605 1461 671 fortius30pprefferunt.

174 672 204 726 4
267 688 270 691 “
327 676 510 724 Contra
538 676 625 723 has
658 673 939 722 calliditatis
981 675 1190 738 argutias
1233 675 1390 740 sagaci
1429 675 1636 741 opitula-

219 744 355 793 tione
386 744 578 792 nutanti
608 743 807 809 negotio
841 742 1084 793 consuluit
1116 744 1413 808 Imperator:
1460 759 1508 792 et
1543 744 1636 791 Ar.

218 814 474 862 betionem
507 832 563 862 ex
594 811 805 863 Consule
835 826 1057 874 agentem
1089 812 1188 859 iam
1222 812 1410 860 dudum
1437 814 1488 860 in
1512 812 1633 871 otio,

221 882 285 929 ad
317 882 367 931 se
391 883 559 931 venire
589 883 812 929 hortatus
843 881 934 940 eft,
980 895 1036 926 ut
1079 880 1461 929 Constantiniani
1496 880 1635 928 ducis

222 951 517 1000 verecundia
563 965 724 997 truces
767 948 916 994 animi
959 949 1248 997 lenirentur:
1306 968 1466 1014 neque
1496 949 1633 997 secus

175 1022 205 1067 5
224 1021 399 1068 evenit.
480 1019 609 1067 Nam
641 1035 756 1064 cum
783 1014 1011 1062 omnihus
1043 1019 1321 1080 provectior
1349 1033 1465 1066 natu
1490 1018 1634 1065 et-di-

220 1092 403 1153 gnitate
423 1086 710 1146 sublimior,
742 1081 971 1131 canitiem
1004 1085 1320 1133 reverendam
1355 1087 1635 1134 ostenderet

216 1158 384 1206 multis
419 1156 482 1204 ad
512 1153 773 1220 perfidiam
803 1153 1072 1214 inclinatis,
1118 1155 1374 1218 publicum
1413 1155 1637 1219 graffato-

217 1245 323 1276 rem
354 1225 687 1290 Procopium·5
729 1223 908 1269 milites
937 1240 1056 1270 vero
1088 1221 1318 1287 sequutos
1363 1225 1464 1271 eius
1505 1242 1636 1271 erro-

217 1315 350 1355 rem,
395 1295 526 1343 filios
560 1308 608 1341 et
642 1294 870 1340 laborum
903 1291 1165 1356 participes
1203 1292 1519 1357 pristinorum
1552 1291 1635 1339 ad-

214 1367 403 1431 ·pellans
439 1365 634 1424 orabat,
674 1376 730 1408 ut
758 1360 805 1409 se
838 1379 891 1407 ac
924 1360 959 1406 fi
992 1375 1242 1423 parentem
1276 1362 1427 1425 magis
1465 1361 1633 1426 seque-

216 1427 386 1483 rentur
416 1431 698 1481 feliciffimis
738 1429 966 1477 ductibus
1013 1430 1290 1491 cognitum,
1337 1441 1485 1495 quani
1521 1448 1633 1495 pro-

217 1505 386 1568 fligato
409 1520 599 1551 morem
620 1513 843 1564 gererent
865 1499 1102 1545 nebuloni
1127 1497 1433 1546 destituendo
1455 1499 1550 1546 iam
1582 1512 1631 1546 et

172 1580 198 1620 6
220 1574 404 1621 casuro.
505 1571 700 1626 Quibus
740 1567 947 1631 cognitis
981 1568 1302 1628 Gomoarius²
1344 1587 1457 1617 cum
1491 1567 1631 1616 elulis

216 1642 465 1704 hostibus,
502 1638 632 1686 unde
654 1651 878 1697 venerat,
913 1634 1073 1683 redire
1100 1635 1253 1700 poffet
1280 1636 1531 1696 innoxius,
1568 1635 1631 1683 ad

215 1711 366 1758 castra
390 1707 707 1774 Imperatoris
735 1704 1102 1770 opportunitate
1130 1705 1372 1752 intervalli
1401 1705 1632 1769 proximi,

215 1779 398 1842 captivi
423 1780 590 1826 colore
621 1776 871 1835 transivit,
912 1774 1046 1820 velut
1075 1772 1275 1821 accursu
1303 1773 1630 1822 multitudinis

216 1846 344 1894 visae
363 1846 524 1894 subito
558 1844 955 1906 circumsaeptus.

170 1929 201 1972 7
320 1915 436 1971 Qua
452 1912 706 1961 succensus
729 1912 974 1959 alacritate
1001 1912 1182 1958 Valens
1207 1910 1356 1958 castra
1377 1908 1629 1973 promovit

217 1983 281 2031 ad
311 1976 598 2049 Phrygiam:
641 1993 688 2026 et
722 1979 759 2044 ³)
781 1996 936 2042 prope
966 1978 1225 2025 Nacoliam
1261 1979 1449 2025 collatis
1479 1977 1634 2024 mani-

213 2054 333 2114 bus2
363 2053 405 2116 ⁴)
430 2050 642 2115 partium
665 2047 762 2093 dux
780 2048 831 2091 iu
853 2046 1056 2110 ancipiti
1087 2047 1119 2110 ⁵)
1143 2046 1290 2109 Agilo
1325 2064 1429 2093 rem
1462 2064 1630 2093 excur-

212 2123 267 2170 l'u
290 2119 521 2185 ,prodidit
551 2116 836 2182 repentino:
889 2131 1099 2178 cumque
1129 2113 1319 2178 sequuti
1347 2115 1626 2180 complures

211 2193 311 2238 iam
351 2189 451 2253 pila
491 2188 762 2253 quatientes
801 2197 850 2230 et
899 2182 1110 2246 gladios,
1166 2183 1230 2230 ad
1269 2183 1625 2247 Imperatorem

166 2311 168 2314 v
213 2271 464 2306 transeunt
483 2274 597 2304 cum
616 2253 801 2303 vexillis
813 2251 945 2299 scuta
960 2250 1182 2316 perversa
1205 2252 1457 2317 gestantes»,
1486 2250 1623 2317 quod

164 2342 166 2344 ’
217 2326 508 2375 defectionis
529 2324 718 2388 lignum
743 2321 807 2369 est
823 2320 1184 2385 apertissimum.
1673 2315 1676 2321 ’

168 2404 198 2446 ὃ
314 2396 428 2445 Hoc
449 2405 639 2459 praeter
660 2390 794 2455 spem
821 2390 1039 2436 omnium
1066 2387 1195 2446 viso,
1227 2388 1526 2452 Procopius,
1558 2387 1624 2434 sa-

214 2465 331 2512 lutis
354 2461 617 2511 intercluso
645 2458 896 2523 suffragio,
933 2457 1093 2505 versus
1125 2459 1175 2503 in
1205 2457 1379 2522 pedes,
1417 2457 1623 2504 circum-
1662 2514 1673 2522 ο

215 2534 458 2581 icctorum
499 2548 754 2579 nemorum
792 2526 972 2576 secreta
1015 2540 1062 2575 et
1110 2525 1353 2574 montium
1396 2525 1621 2591 petebat:

238 2719 303 2768 e)
334 2718 379 2754 va
414 2730 532 2764 regem
566 2715 634 2750 ΜΓ.
669 2714 777 2750 deest.
841 2717 877 2759 3)
899 2713 975 2749 ’ΜΕ
1012 2690 1337 2766 propenracolixim.
1387 2718 1424 2759 4>
1448 2713 1517 2750 Ms.
1541 2716 1620 2762 Ρη.

220 2762 398 2799 t-vundnm.
451 2768 486 2808 5)
512 2762 581 2796 ΜΓ.
610 2761 810 2797 iaculorum
838 2760 1014 2799 cmcursue.
