1727 3144
232 155 488 186 VALENT.
528 154 763 186 vA'L.1-:'r
816 155 1111 186 GRATIAN.
1185 143 1300 202 575.
1403 146 1498 204 559

93 262 285 329 ignosci,
325 262 504 312 debere
548 263 796 313 interdum
841 265 985 312 armis
1036 263 1260 329 superato
1303 267 1497 329 rectori,

98 352 272 398 quam,
304 333 480 381 iustum
516 333 634 398 quid
670 332 755 395 fit,
798 333 1054 398 ignoranti.
1137 333 1275 380 Unde
1308 348 1542 386 motuum

92 402 309 449 existimo
345 402 565 450 Tullium
596 404 838 468 praeclare
881 399 1233 467 pronuntiaffe,
1274 421 1383 450 cum
1420 405 1498 453 de-

90 471 313 520 fenderet
349 473 598 537 Oppium:
644 474 848 520 Etenim.
879 474 1080 519 multum
1112 473 1244 536 pqffe
1282 475 1497 532 adsidu-

91 548 189 587 tem
207 544 430 603 alterius,
462 544 634 588 honori
652 544 810 588 multis
822 560 842 599 ,-
868 559 1057 603 param
1073 543 1278 604 potuffe
1305 544 1378 588 ad
1402 546 1499 589 exi.

87 612 237 667 tiam,
266 612 452 672 probra
474 614 658 656 nemini
678 612 1041 672 umquamfuit.

190 679 415 726 Aviditas
439 681 544 743 plus
568 678 784 726 habendi
805 678 902 725 fine
925 678 1114 725 honesti
1146 680 1380 744 pravique
1412 678 1545 729 dis-8

88 746 319 807 ferentia,
373 762 419 794 et
454 746 718 808 indagandi
749 746 970 809 quaestus
999 747 1158 793 varios
1200 765 1285 810 per
1314 749 1497 795 alienae

89 816 214 862 vitae
237 816 511 877 naufragia,
548 812 810 861 exundavit
833 814 884 859 in
914 814 1010 860 hoc
1042 813 1271 877 Principe
1299 818 1501 879 flagran-

86 883 181 930 tius
206 881 502 930 adulescens.
577 882 738 938 Quam
769 882 971 946 quidam
1000 883 1374 946 praetendentes
1406 889 1498 932 lm-

83 966 361 1016 peratorem
384 950 731 1008 Aurelianum,
775 969 979 1014 purgare
1012 953 1288 1013 tentabant,
1336 953 1389 1000 id
1417 953 1498 1000 ad-

84 1020 356 1081 firmando,
391 1020 553 1085 quod,
587 1034 642 1066 ut
675 1020 757 1067 ille
789 1019 895 1083 post
928 1020 1209 1067 Gallienum
1239 1036 1288 1069 et
1316 1023 1498 1069 lamen-

83 1091 256 1136 tabiles
281 1090 350 1137 rei
376 1089 601 1154 publicae
624 1088 759 1135 casus
785 1088 1026 1135 exinanito
1060 1090 1271 1151 aerario,
1311 1105 1496 1138 torren-

83 1158 145 1205 tis
179 1158 274 1205 ritu
303 1159 549 1206 ferebatur
580 1159 630 1204 in
669 1157 870 1206 divites:
925 1158 989 1203 ita
1028 1157 1111 1205 hic
1150 1177 1348 1223 quoque
1389 1160 1495 1224 post

81 1228 365 1292 procinctus
417 1226 633 1274 Parthici
675 1225 838 1274 clades
879 1226 1214 1289 magnitudine
1267 1228 1492 1293 indigens

54 1351 56 1354 v
82 1296 437 1361 impensarum,
478 1310 532 1343 ut
560 1296 702 1343 militi
735 1294 1067 1359 supplementa
1103 1295 1415 1360 suppeterent
1446 1312 1494 1345 et

82 1365 416 1430 impendium,
476 1365 752 1412 crudelitati
792 1364 1113 1429 cupiditatem
1156 1383 1273 1429 opes
1318 1367 1490 1414 nimias

81 1435 382 1498 congerendi
413 1433 668 1481 miscebat:
719 1432 1012 1480 diffimulans
1038 1433 1186 1491 scire,
1222 1435 1359 1499 quod.
1382 1434 1492 1483 sunt

84 1504 267 1567 aliqua,
298 1521 422 1568 quae
442 1503 548 1551 fieri
570 1521 668 1550 non
699 1517 915 1567 oportet,
963 1503 1146 1549 etiamfi
1173 1504 1314 1564 licet,
1359 1504 1491 1551 The-

80 1572 312 1619 mistoclis
341 1573 470 1619 illius
502 1573 676 1620 veteris
714 1571 1043 1636 ⁴)diffin1ilis:
1100 1573 1184 1636 qui
1227 1591 1338 1619 cum
1383 1573 1491 1636 post

77 1658 293 1705 pugnam
317 1642 604 1706 agminaque
625 1641 782 1689 deleta
815 1640 1066 1687 Persarum
1094 1642 1296 1689 licenter
1327 1642 1491 1689 oham·
1556 1662 1558 1665 ·

80 1710 281 1770 bulaus,
329 1711 539 1757 armillas
581 1729 745 1758 aureas
775 1709 965 1757 vidiss'et
995 1710 1135 1756 humi
1173 1711 1412 1774 proiectas
1439 1723 1487 1758 et

80 1791 332 1844 torquem:
386 1783 536 1841 Tolle,
567 1780 748 1844 inquit,
780 1781 925 1836 haee,
960 1779 1021 1826 ad
1053 1777 1291 1826 comitum
1320 1797 1488 1844 quem-

78 1847 193 1895 dam
223 1867 377 1912 prope
408 1848 699 1911 adstantem,
743 1868 856 1896 vere
881 1852 999 1911 quia
1032 1851 1362 1909 Themistocles
1390 1864 1488 1893 non

75 1935 152 1964 es:
199 1918 458 1981 quodlibet
500 1918 727 1982 spernens
762 1919 812 1964 in
854 1918 978 1964 duce
1016 1917 1327 1979 magnanimo
1358 1917 1392 1981 ⁵)
1419 1917 1490 1963 lu-

77 2004 230 2032 crum.
303 1987 463 2033 Huius
488 1989 707 2050 exempla
728 1985 1057 2034 continentiae
1077 1984 1249 2031 similia
1276 1985 1485 2049 plurima
1506 1999 1530 2038 9

76 2055 128 2101 in
184 2056 413 2102 Romanis
463 2056 728 2104 exuberant
775 2054 1012 2101 ducibus:
1068 2054 1244 2118 quibus
1291 2053 1484 2113 omissis,

81 2124 314 2188 quoniam
346 2142 442 2171 non
475 2125 585 2171 sunt
625 2126 867 2189 perfectae
916 2123 1106 2171 virtutis
1155 2121 1337 2167 indicia
1374 2125 1484 2185 (neo

78 2194 206 2239 enim
238 2192 389 2238 aliena
419 2211 516 2240 non
550 2211 715 2257 rapere
746 2193 901 2258 laudis
932 2192 1014 2256 est)
1046 2209 1198 2237 unum
1229 2207 1285 2237 ex
1318 2191 1482 2237 multis

77 2261 296 2308 constans
316 2260 624 2310 innocentiae
654 2263 784 2325 vulgi
810 2263 984 2310 veteris
1014 2259 1257 2323 specimen
1285 2275 1480 2322 ponam.

79 2332 205 2378 Cum
235 2329 619 2394 proscriptorum
652 2332 922 2395 locupletes
968 2329 1140 2376 domus
1183 2327 1481 2391 diripiendas

79 2399 325 2447 Romanae
372 2401 502 2464 plebi
549 2399 732 2447 Marius
776 2400 976 2447 dedilsct
1027 2411 1074 2444 et
1112 2396 1292 2457 Cinna,
1350 2397 1480 2459 vulgi

78 2469 222 2516 rudes
252 2469 426 2529 animi,
474 2468 556 2516 sed
593 2471 802 2516 humana
831 2470 957 2516 soliti
989 2467 1276 2529 respectare,
1313 2465 1481 2512 alicnis

76 2532 327 2585 laboribus
356 2553 698 2602 pepercerunt:
737 2553 790 2585 ut
821 2540 978 2585 nullus
1011 2554 1154 2598 egens
1189 2535 1480 2598 reperiretur

79 2620 160 2652 aut
177 2607 396 2666 infimus,
429 2609 513 2672 qui
534 2608 592 2654 de
615 2607 748 2654 civili
771 2609 906 2655 luctu
935 2609 1146 2654 fructum
1176 2618 1475 2651 contrectare

77 2690 322 2739 pateretur
341 2677 430 2723 fibi
453 2678 740 2725 concess'um.

450 2767 548 2774 —

120 2791 164 2837 4)
190 2789 258 2824 Ms.
283 2767 491 2828 verisimilia.
549 2794 591 2840 5)
627 2792 697 2829 ΜΓ.
736 2791 872 2827 lucrum
904 2819 908 2825 .
943 2818 951 2824 .
977 2817 986 2825 .
1019 2816 1027 2824 .
1057 2817 1062 2825 .
1091 2816 1098 2823 .
1126 2788 1251 2823 Huius.
