1727 3144
461 172 465 175 ’
531 177 913 210 turstanus.
984 164 1102 210 562.
1398 169 1492 214 281

84 302 198 355 ptos
220 288 352 335 ‘nulli
381 306 510 335 nuuc
548 286 937 354 conspicantium
970 287 1198 348 credant,
1237 288 1324 334 nifi
1357 288 1499 354 super

86 357 184 405 hoc
248 373 576 423 congruerent
649 375 817 407 omnes
888 357 1162 424 priscorum
1227 359 1498 407 carminum

87 440 275 474 cantus.

192 495 306 544 Post
341 495 603 561 Bithyniae
644 509 855 560 partem,
907 495 1191 561 provinciae
1230 494 1417 542 Pontus
1453 509 1499 541 et

87 563 423 630 Paphlagonia
444 563 834 630 protenduntur,
863 565 915 611 in
946 565 1124 630 quibus
1154 563 1416 623 Heraclea,
1454 577 1501 610 ct

87 633 299 699 Sinope,
336 649 383 682 et
402 634 756 694 Polemonion,
792 648 840 682 et
864 632 1058 681 Amisos
1083 634 1273 698 amplae
1305 632 1412 680 sunt
1434 633 1502 678 ci-

86 702 288 764 vitates,
335 717 382 751 et
410 703 558 763 Tios,
614 715 663 749 et
689 701 950 764 Amastris,
992 721 1162 750 omnes
1191 703 1252 750 ab
1285 700 1501 765 auspicio

86 769 338 834 diligentia
364 771 594 818 fundatae
627 770 957 818 Graecorum:
1017 786 1066 818 et
1102 770 1329 833 Cerasus,
1367 769 1499 818 uncle

85 838 279 887 advexit
308 838 595 887 huiusmodi
627 856 776 903 poma
810 839 1072 902 Lucullus,
1114 838 1395 905 insulaeque
1429 858 1500 886 ar-

87 906 239 972 duae,
280 908 588 973 Trapezunta
619 921 667 955 et
696 907 927 974 Pityunta
966 909 1273 957 continentes
1315 907 1501 974 oppida

83 994 184 1024 non
213 976 434 1025 obscura.
514 977 657 1025 Ultra
688 976 811 1025 haec
841 978 951 1027 loca
983 978 1306 1026 Acherulium
1329 977 1501 1043 specus

85 1045 175 1106 est,
209 1045 348 1112 ‹iuod
368 1047 563 1095 accolae
592 1043 898 1111 μυχοπόντιον
929 1046 1203 1113 adpellant,
1252 1061 1300 1095 et
1331 1062 1502 1111 portus

83 1116 289 1164 Acone:
333 1118 370 1181 ⁷)
395 1117 534 1164 fluvii
561 1115 763 1176 diver-fi,
805 1117 1062 1178 Acheion,
1101 1116 1373 1180 itidemque
1412 1116 1504 1162 Ar-

83 1183 279 1247 cadius,
325 1199 373 1233 et
407 1186 527 1246 Iris,
569 1200 618 1233 et
649 1184 690 1252 ⁸)
709 1185 906 1244 Tibris,
948 1201 996 1235 et
1029 1187 1161 1233 iuxta
1193 1184 1503 1244 Parthenius,

86 1270 256 1300 omnes
279 1254 332 1301 in
356 1273 489 1302 mare
512 1223 614 1302 ictu
644 1254 815 1319 rapido
846 1253 1175 1302 decurrentes.
1259 1253 1505 1301 Thermo—

89 1320 189 1368 don
211 1321 289 1369 his
311 1323 377 1370 est
399 1325 675 1387 proximus,
715 1324 777 1370 ab
799 1322 1041 1372 Αιηιοῑιὶο
1069 1322 1288 1370 defluens
1318 1336 1504 1385 monte,

88 1404 136 1436 et
157 1390 564 1457 Themiscyraeos
586 1392 881 1438 interlabens
904 1392 1067 1438 lucos:
1102 1389 1165 1438 ad
1204 1408 1328 1455 quos
1357 1392 1506 1439 Ama-

89 1477 231 1506 zonas
262 1460 511 1524 quondam
553 1460 762 1524 migrare
802 1459 1050 1506 necellitas
1089 1458 1346 1523 subegerat
1383 1460 1506 1508 talis.

87 1529 284 1575 Attritis
310 1528 602 1576 damnorum
631 1527 919 1575 adsiduitate
944 1528 1194 1588 finitimis,
1227 1528 1503 1576 Amazones

89 1612 303 1659 veteres,
341 1614 465 1663 quae
487 1614 570 1644 eos
591 1597 804 1644 cruentis
825 1565 1194 1659 populabantur,
1213 1596 1505 1659 incudibus,

91 1666 265 1714 altiora
304 1665 580 1731 spirabant:
636 1665 863 1729 viresque
905 1662 1011 1711 suas
1046 1663 1506 1729 ci1cumspectantes

88 1733 183 1797 his,
218 1753 340 1800 quae
360 1735 640 1813 propinqua
661 1732 848 1798 saepius
870 1731 1193 1797 adpetebant,
1223 1734 1505 1796 validioreS,

89 1818 255 1868 raptae
286 1803 542 1869 praecipiti
577 1802 858 1867 cupiditatis
887 1801 1092 1863 ardore,
1148 1804 1396 1868 perruptis
1425 1823 1507 1852 na-

89 1872 307 1922 tionibus
327 1873 579 1938 plurimis,
610 1890 781 1919 manus
804 1870 1187 1921 Atheniensibus
1206 1872 1507 1921 intulerunt:

88 1943 288 2007 aciique
311 1942 675 1990 concertatione
698 1939 844 1988 effuse
865 1939 1122 2002 disiectae,
1159 1959 1329 1990 omnes
1353 1941 1508 1990 nuda-

88 2011 149 2057 tis
172 2012 414 2076 equitatus
434 2009 507 2058 sui
523 2009 758 2058 lateribus
771 2027 1019 2057 corruere.
1093 2011 1282 2059 Harum
1302 2011 1505 2061 interitu

89 2081 319 2145 cognito,
353 2079 570 2128 reliduae
591 2093 646 2126 ut
668 2079 891 2126 imbelles
920 2078 1057 2127 domi
1092 2079 1314 2142 relictae,
1354 2094 1507 2129 extre-

87 2167 168 2195 ma
200 2149 473 2213 perpessae,
509 2148 772 2196 vicinitatis
803 2148 871 2196 eis
903 2148 1201 2213 repensantis
1234 2149 1407 2197 Fmilia
1434 2150 1506 2196 fu·

88 2217 246 2265 nestos
277 2218 489 2282 impetus
515 2216 838 2279 declinantes,
890 2217 955 2265 ad
1001 2220 1300 2283 pacatiorem
1337 2217 1501 2267 sedem

89 2287 324 2334 transiere
344 2288 385 2352 9)
399 2285 811 2334 Thermodontis:
849 2305 1055 2351 quarum
1076 2286 1333 2353 progenies
1355 2288 1503 2350 longe

92 2355 273 2403 deinde
303 2369 569 2421 propagata
599 2373 686 2420 per
726 2355 1035 2404 numerosam
1062 2356 1312 2417 subolem,
1357 2375 1506 2404 manu

91 2424 361 2472 firmillima
415 2424 478 2471 ad
519 2425 629 2472 loca
677 2439 944 2472 reverterat
985 2425 1236 2489 genitalia,
1295 2424 1504 2489 sequuto

91 2507 315 2558 tempore
342 2493 537 2558 populis
560 2492 856 2541 diversarum
887 2494 1132 2558 originum
1159 2493 1503 2542 formidabilis.

1529 2029 1578 2070 ¹9

198 2563 349 2610 Haud.
393 2564 567 2626 procul
608 2561 724 2610 inde
759 2562 997 2611 attollitur
1026 2561 1277 2609 Carambis
1311 2562 1501 2627 placide
1521 2584 1581 2616 20

96 2632 262 2693 collis,
309 2646 480 2679 contra
517 2630 953 2696 [septemtrionem]
991 2631 1198 2679 Helicen
1231 2632 1502 2698 adingem,

143 2797 178 2841 7)
205 2794 272 2830 ΜΓ,
305 2797 401 2830 fluvii
430 2796 541 2830 dives.
591 2799 633 2844 8)
660 2794 728 2830 Ms.
756 2793 926 2840 Thybris.
983 2792 1030 2840 9)
1056 2790 1126 2828 ΜΓ.
1153 2793 1421 2830 Hermodoctis.
