<?xml version="1.0" encoding="UTF-8"?>
<!DOCTYPE html PUBLIC "-//W3C//DTD XHTML 1.0 Transitional//EN"
    "http://www.w3.org/TR/xhtml1/DTD/xhtml1-transitional.dtd">
<html xmlns="http://www.w3.org/1999/xhtml" xml:lang="en" lang="en">
 <head>
  <title>
</title>
<meta http-equiv="Content-Type" content="text/html;charset=utf-8" />
  <meta name='ocr-system' content='tesseract 3.04.00' />
  <meta name='ocr-capabilities' content='ocr_page ocr_carea ocr_par ocr_line ocrx_word'/>
</head>
<body>
  <div class='ocr_page' id='page_1' title='image "ammianimarcellin01ammiuoft_0760.png"; bbox 0 0 1727 3144; ppageno 0'>
   <div class='ocr_carea' id='block_1_1' title="bbox 213 134 1387 203">
    <p class='ocr_par' dir='ltr' id='par_1_1' title="bbox 213 134 1387 203">
     <span class='ocr_line' id='line_1_1' title="bbox 213 134 1387 203; baseline 0.007 -27"><span class='ocrx_word' id='word_1_1' title='bbox 213 134 310 181; x_wconf 73' lang='lat'>554</span> <span class='ocrx_word' id='word_1_2' title='bbox 474 151 739 183; x_wconf 73' lang='lat' dir='ltr'>AMMIANI</span> <span class='ocrx_word' id='word_1_3' title='bbox 773 153 1158 186; x_wconf 68' lang='lat' dir='ltr'>MAReEme</span> <span class='ocrx_word' id='word_1_4' title='bbox 1185 156 1305 203; x_wconf 68' lang='lat' dir='ltr'>xxx,</span> <span class='ocrx_word' id='word_1_5' title='bbox 1341 141 1387 186; x_wconf 84' lang='lat'>6.</span> 
     </span>
    </p>
   </div>
   <div class='ocr_carea' id='block_1_2' title="bbox 155 262 1624 2607">
    <p class='ocr_par' dir='ltr' id='par_1_2' title="bbox 155 262 1624 2607">
     <span class='ocr_line' id='line_1_2' title="bbox 210 262 1616 329; baseline 0.001 -20"><span class='ocrx_word' id='word_1_6' title='bbox 210 276 401 326; x_wconf 79' lang='lat' dir='ltr'>tempus</span> <span class='ocrx_word' id='word_1_7' title='bbox 423 262 536 308; x_wconf 86' lang='lat' dir='ltr'>anni</span> <span class='ocrx_word' id='word_1_8' title='bbox 559 262 931 328; x_wconf 77' lang='lat' dir='ltr'>patiebantui)</span> <span class='ocrx_word' id='word_1_9' title='bbox 918 282 970 309; x_wconf 87' lang='lat' dir='ltr'>m</span> <span class='ocrx_word' id='word_1_10' title='bbox 999 263 1333 312; x_wconf 79' lang='lat' dir='ltr'>consistorium</span> <span class='ocrx_word' id='word_1_11' title='bbox 1362 263 1616 329; x_wconf 82' lang='lat' dir='ltr'>¹)Equitio</span> 
     </span>
     <span class='ocr_line' id='line_1_3' title="bbox 209 330 1618 397; baseline 0 -18"><span class='ocrx_word' id='word_1_12' title='bbox 209 330 416 379; x_wconf 81' lang='lat' dir='ltr'>vadente</span> <span class='ocrx_word' id='word_1_13' title='bbox 447 330 554 378; x_wconf 85' lang='lat' dir='ltr'>sunt</span> <span class='ocrx_word' id='word_1_14' title='bbox 584 332 852 378; x_wconf 86' lang='lat' dir='ltr'>intromissi.</span> <span class='ocrx_word' id='word_1_15' title='bbox 938 334 1161 397; x_wconf 80' lang='lat' dir='ltr'>Cumque</span> <span class='ocrx_word' id='word_1_16' title='bbox 1195 334 1469 381; x_wconf 76' lang='lat' dir='ltr'>membiis</span> <span class='ocrx_word' id='word_1_17' title='bbox 1458 352 1618 379; x_wconf 83' lang='lat' dir='ltr'>meur-</span> 
     </span>
     <span class='ocr_line' id='line_1_4' title="bbox 210 388 1615 466; baseline -0.001 -18"><span class='ocrx_word' id='word_1_18' title='bbox 210 401 329 448; x_wconf 87' lang='lat' dir='ltr'>vatis</span> <span class='ocrx_word' id='word_1_19' title='bbox 347 401 439 447; x_wconf 72' lang='lat' dir='ltr'>liar</span> <span class='ocrx_word' id='word_1_20' title='bbox 444 415 525 448; x_wconf 85' lang='lat' dir='ltr'>ent</span> <span class='ocrx_word' id='word_1_21' title='bbox 546 414 678 447; x_wconf 83' lang='lat' dir='ltr'>metu</span> <span class='ocrx_word' id='word_1_22' title='bbox 701 388 885 448; x_wconf 80' lang='lat' dir='ltr'><strong>debiles</strong></span> <span class='ocrx_word' id='word_1_23' title='bbox 906 415 952 449; x_wconf 90' lang='lat' dir='ltr'>et</span> <span class='ocrx_word' id='word_1_24' title='bbox 970 403 1261 466; x_wconf 69' lang='lat' dir='ltr'>praestricti,</span> <span class='ocrx_word' id='word_1_25' title='bbox 1297 403 1473 450; x_wconf 87' lang='lat' dir='ltr'>docere</span> <span class='ocrx_word' id='word_1_26' title='bbox 1495 401 1615 463; x_wconf 81' lang='lat' dir='ltr'>iuffi,</span> 
     </span>
     <span class='ocr_line' id='line_1_5' title="bbox 205 468 1618 534; baseline 0.001 -18"><span class='ocrx_word' id='word_1_27' title='bbox 205 488 331 533; x_wconf 85' lang='lat' dir='ltr'>quae</span> <span class='ocrx_word' id='word_1_28' title='bbox 362 470 612 530; x_wconf 75' lang='lat' dir='ltr'>ferebant,</span> <span class='ocrx_word' id='word_1_29' title='bbox 670 468 861 518; x_wconf 84' lang='lat' dir='ltr'>usltatas</span> <span class='ocrx_word' id='word_1_30' title='bbox 907 471 1012 518; x_wconf 82' lang='lat' dir='ltr'>illas</span> <span class='ocrx_word' id='word_1_31' title='bbox 1061 470 1395 520; x_wconf 80' lang='lat' dir='ltr'>causationum</span> <span class='ocrx_word' id='word_1_32' title='bbox 1438 469 1618 534; x_wconf 84' lang='lat' dir='ltr'>speeies</span> 
     </span>
     <span class='ocr_line' id='line_1_6' title="bbox 206 538 1619 588; baseline 0.001 -3"><span class='ocrx_word' id='word_1_33' title='bbox 206 538 401 585; x_wconf 86' lang='lat' dir='ltr'>iurandi</span> <span class='ocrx_word' id='word_1_34' title='bbox 437 538 588 584; x_wconf 89' lang='lat' dir='ltr'>fidem</span> <span class='ocrx_word' id='word_1_35' title='bbox 622 538 852 587; x_wconf 90' lang='lat' dir='ltr'>addendo</span> <span class='ocrx_word' id='word_1_36' title='bbox 882 542 1168 588; x_wconf 87' lang='lat' dir='ltr'>firmabant:</span> <span class='ocrx_word' id='word_1_37' title='bbox 1229 541 1355 588; x_wconf 81' lang='lat' dir='ltr'>nihil</span> <span class='ocrx_word' id='word_1_38' title='bbox 1395 558 1452 587; x_wconf 80' lang='lat' dir='ltr'>ex</span> <span class='ocrx_word' id='word_1_39' title='bbox 1487 558 1619 586; x_wconf 88' lang='lat' dir='ltr'>com-</span> 
     </span>
     <span class='ocr_line' id='line_1_7' title="bbox 207 608 1618 674; baseline 0 -20"><span class='ocrx_word' id='word_1_40' title='bbox 207 609 346 654; x_wconf 84' lang='lat' dir='ltr'>muni</span> <span class='ocrx_word' id='word_1_41' title='bbox 366 622 528 655; x_wconf 85' lang='lat' dir='ltr'>mente</span> <span class='ocrx_word' id='word_1_42' title='bbox 553 626 807 671; x_wconf 77' lang='lat' dir='ltr'>procerum</span> <span class='ocrx_word' id='word_1_43' title='bbox 834 610 987 674; x_wconf 78' lang='lat' dir='ltr'>gentis</span> <span class='ocrx_word' id='word_1_44' title='bbox 1015 610 1248 659; x_wconf 77' lang='lat' dir='ltr'>delictum</span> <span class='ocrx_word' id='word_1_45' title='bbox 1285 608 1618 657; x_wconf 83' lang='lat' dir='ltr'>adseverantes</span> 
     </span>
     <span class='ocr_line' id='line_1_8' title="bbox 206 675 1620 743; baseline -0.001 -20"><span class='ocrx_word' id='word_1_46' title='bbox 206 677 258 723; x_wconf 87' lang='lat' dir='ltr'>in</span> <span class='ocrx_word' id='word_1_47' title='bbox 278 677 492 737; x_wconf 75' lang='lat' dir='ltr'>nostros,</span> <span class='ocrx_word' id='word_1_48' title='bbox 523 675 605 725; x_wconf 88' lang='lat' dir='ltr'>sed</span> <span class='ocrx_word' id='word_1_49' title='bbox 633 696 717 742; x_wconf 86' lang='lat' dir='ltr'>per</span> <span class='ocrx_word' id='word_1_50' title='bbox 740 680 943 726; x_wconf 86' lang='lat' dir='ltr'>extimos</span> <span class='ocrx_word' id='word_1_51' title='bbox 972 679 1211 743; x_wconf 85' lang='lat' dir='ltr'>quosdam</span> <span class='ocrx_word' id='word_1_52' title='bbox 1235 681 1445 726; x_wconf 86' lang='lat' dir='ltr'>latrones</span> <span class='ocrx_word' id='word_1_53' title='bbox 1469 677 1620 724; x_wconf 86' lang='lat' dir='ltr'>anmi-</span> 
     </span>
     <span class='ocr_line' id='line_1_9' title="bbox 209 745 1619 813; baseline -0.001 -21"><span class='ocrx_word' id='word_1_54' title='bbox 209 764 303 810; x_wconf 90' lang='lat' dir='ltr'>que</span> <span class='ocrx_word' id='word_1_55' title='bbox 336 749 555 794; x_wconf 83' lang='lat' dir='ltr'>confines</span> <span class='ocrx_word' id='word_1_56' title='bbox 591 747 819 808; x_wconf 68' lang='lat' dir='ltr'>evenisse,</span> <span class='ocrx_word' id='word_1_57' title='bbox 871 767 996 813; x_wconf 87' lang='lat' dir='ltr'>quae</span> <span class='ocrx_word' id='word_1_58' title='bbox 1031 749 1293 796; x_wconf 77' lang='lat' dir='ltr'>inciviliter</span> <span class='ocrx_word' id='word_1_59' title='bbox 1326 747 1450 811; x_wconf 79' lang='lat' dir='ltr'>gesta</span> <span class='ocrx_word' id='word_1_60' title='bbox 1481 745 1619 793; x_wconf 86' lang='lat' dir='ltr'>sunt:</span> 
     </span>
     <span class='ocr_line' id='line_1_10' title="bbox 207 815 1623 881; baseline 0.001 -20"><span class='ocrx_word' id='word_1_61' title='bbox 207 816 353 862; x_wconf 87' lang='lat' dir='ltr'>etiam</span> <span class='ocrx_word' id='word_1_62' title='bbox 370 815 422 861; x_wconf 89' lang='lat' dir='ltr'>id</span> <span class='ocrx_word' id='word_1_63' title='bbox 445 834 644 881; x_wconf 88' lang='lat' dir='ltr'>quoque</span> <span class='ocrx_word' id='word_1_64' title='bbox 663 816 893 875; x_wconf 87' lang='lat' dir='ltr'>addendo</span> <span class='ocrx_word' id='word_1_65' title='bbox 907 854 919 878; x_wconf 82' lang='grc'>,</span> <span class='ocrx_word' id='word_1_66' title='bbox 950 831 1004 864; x_wconf 88' lang='lat' dir='ltr'>ut</span> <span class='ocrx_word' id='word_1_67' title='bbox 1025 818 1262 865; x_wconf 78' lang='lat' dir='ltr'>sufficiens</span> <span class='ocrx_word' id='word_1_68' title='bbox 1281 816 1344 863; x_wconf 87' lang='lat' dir='ltr'>ad</span> <span class='ocrx_word' id='word_1_69' title='bbox 1363 818 1486 863; x_wconf 87' lang='lat' dir='ltr'>faeta</span> <span class='ocrx_word' id='word_1_70' title='bbox 1508 833 1623 880; x_wconf 84' lang='lat' dir='ltr'>pur-</span> 
     </span>
     <span class='ocr_line' id='line_1_11' title="bbox 207 883 1623 948; baseline 0 -18"><span class='ocrx_word' id='word_1_71' title='bbox 207 883 361 947; x_wconf 79' lang='lat' dir='ltr'>ganda</span> <span class='ocrx_word' id='word_1_72' title='bbox 392 887 663 944; x_wconf 85' lang='lat' dir='ltr'>firmantes,</span> <span class='ocrx_word' id='word_1_73' title='bbox 721 884 857 948; x_wconf 87' lang='lat' dir='ltr'>quod</span> <span class='ocrx_word' id='word_1_74' title='bbox 897 887 1256 933; x_wconf 78' lang='lat' dir='ltr'>munimentum</span> <span class='ocrx_word' id='word_1_75' title='bbox 1294 885 1469 932; x_wconf 83' lang='lat' dir='ltr'>exstrui</span> <span class='ocrx_word' id='word_1_76' title='bbox 1510 901 1623 931; x_wconf 89' lang='lat' dir='ltr'>coe-</span> 
     </span>
     <span class='ocr_line' id='line_1_12' title="bbox 206 952 1620 1016; baseline 0.002 -19"><span class='ocrx_word' id='word_1_77' title='bbox 206 968 347 1016; x_wconf 84' lang='lat' dir='ltr'>ptum</span> <span class='ocrx_word' id='word_1_78' title='bbox 373 971 459 999; x_wconf 90' lang='lat' dir='ltr'>nec</span> <span class='ocrx_word' id='word_1_79' title='bbox 477 952 595 999; x_wconf 83' lang='lat' dir='ltr'>iuste</span> <span class='ocrx_word' id='word_1_80' title='bbox 617 970 705 999; x_wconf 89' lang='lat' dir='ltr'>nec</span> <span class='ocrx_word' id='word_1_81' title='bbox 731 968 1007 1016; x_wconf 85' lang='lat' dir='ltr'>opportune</span> <span class='ocrx_word' id='word_1_82' title='bbox 1024 992 1036 1015; x_wconf 80' lang='lat'>,</span> <span class='ocrx_word' id='word_1_83' title='bbox 1081 954 1142 999; x_wconf 88' lang='lat' dir='ltr'>ad</span> <span class='ocrx_word' id='word_1_84' title='bbox 1166 955 1401 1001; x_wconf 77' lang='lat' dir='ltr'>ferociam</span> <span class='ocrx_word' id='word_1_85' title='bbox 1430 953 1620 1000; x_wconf 86' lang='lat' dir='ltr'>animos</span> 
     </span>
     <span class='ocr_line' id='line_1_13' title="bbox 159 1019 1620 1086; baseline 0.001 -19"><span class='ocrx_word' id='word_1_86' title='bbox 159 1021 410 1084; x_wconf 64' lang='lat' dir='ltr'>gagi-estes</span> <span class='ocrx_word' id='word_1_87' title='bbox 443 1019 683 1067; x_wconf 80' lang='lat' dir='ltr'>accendit.</span> <span class='ocrx_word' id='word_1_88' title='bbox 769 1022 1013 1069; x_wconf 81' lang='lat' dir='ltr'>Ad-haec</span> <span class='ocrx_word' id='word_1_89' title='bbox 1055 1023 1329 1086; x_wconf 82' lang='lat' dir='ltr'>Imperator</span> <span class='ocrx_word' id='word_1_90' title='bbox 1368 1024 1436 1069; x_wconf 89' lang='lat' dir='ltr'>ira</span> <span class='ocrx_word' id='word_1_91' title='bbox 1474 1022 1620 1069; x_wconf 82' lang='lat' dir='ltr'>vehe-</span> 
     </span>
     <span class='ocr_line' id='line_1_14' title="bbox 203 1087 1622 1155; baseline 0 -19"><span class='ocrx_word' id='word_1_92' title='bbox 203 1090 358 1136; x_wconf 79' lang='lat' dir='ltr'>menti</span> <span class='ocrx_word' id='word_1_93' title='bbox 379 1087 654 1153; x_wconf 77' lang='lat' dir='ltr'>perculsus,</span> <span class='ocrx_word' id='word_1_94' title='bbox 691 1104 739 1138; x_wconf 89' lang='lat' dir='ltr'>et</span> <span class='ocrx_word' id='word_1_95' title='bbox 758 1090 885 1137; x_wconf 89' lang='lat' dir='ltr'>inter</span> <span class='ocrx_word' id='word_1_96' title='bbox 908 1090 1105 1137; x_wconf 81' lang='lat' dir='ltr'>exordia</span> <span class='ocrx_word' id='word_1_97' title='bbox 1131 1089 1459 1155; x_wconf 83' lang='lat' dir='ltr'>respondendi</span> <span class='ocrx_word' id='word_1_98' title='bbox 1478 1091 1622 1136; x_wconf 87' lang='lat' dir='ltr'>tumi-</span> 
     </span>
     <span class='ocr_line' id='line_1_15' title="bbox 206 1158 1622 1223; baseline 0.001 -19"><span class='ocrx_word' id='word_1_99' title='bbox 206 1158 341 1218; x_wconf 82' lang='lat' dir='ltr'>dior,</span> <span class='ocrx_word' id='word_1_100' title='bbox 424 1158 709 1223; x_wconf 81' lang='lat' dir='ltr'>increpabat</span> <span class='ocrx_word' id='word_1_101' title='bbox 783 1160 1121 1222; x_wconf 81' lang='lat' dir='ltr'>obiurgatorio</span> <span class='ocrx_word' id='word_1_102' title='bbox 1192 1159 1315 1206; x_wconf 86' lang='lat' dir='ltr'>sonu</span> <span class='ocrx_word' id='word_1_103' title='bbox 1356 1160 1622 1207; x_wconf 76' lang='lat' dir='ltr'>-nationem</span> 
     </span>
     <span class='ocr_line' id='line_1_16' title="bbox 204 1229 1622 1292; baseline 0 -18"><span class='ocrx_word' id='word_1_104' title='bbox 204 1245 427 1287; x_wconf 79' lang='lat' dir='ltr'>omnem,</span> <span class='ocrx_word' id='word_1_105' title='bbox 462 1242 514 1273; x_wconf 89' lang='lat' dir='ltr'>ut</span> <span class='ocrx_word' id='word_1_106' title='bbox 535 1229 888 1275; x_wconf 84' lang='lat' dir='ltr'>beneficiorum</span> <span class='ocrx_word' id='word_1_107' title='bbox 918 1229 1260 1277; x_wconf 80' lang='lat' dir='ltr'>immemorem</span> <span class='ocrx_word' id='word_1_108' title='bbox 1289 1243 1336 1276; x_wconf 88' lang='lat' dir='ltr'>et</span> <span class='ocrx_word' id='word_1_109' title='bbox 1365 1229 1622 1292; x_wconf 79' lang='lat' dir='ltr'>ingratam.</span> 
     </span>
     <span class='ocr_line' id='line_1_17' title="bbox 202 1296 1623 1364; baseline -0.001 -20"><span class='ocrx_word' id='word_1_110' title='bbox 202 1296 562 1361; x_wconf 83' lang='lat' dir='ltr'>Paullatimque</span> <span class='ocrx_word' id='word_1_111' title='bbox 599 1298 776 1345; x_wconf 84' lang='lat' dir='ltr'>lenitus</span> <span class='ocrx_word' id='word_1_112' title='bbox 815 1302 883 1362; x_wconf 89' lang='lat' dir='ltr'>[et</span> <span class='ocrx_word' id='word_1_113' title='bbox 922 1298 981 1344; x_wconf 87' lang='lat' dir='ltr'>ad</span> <span class='ocrx_word' id='word_1_114' title='bbox 1024 1299 1271 1364; x_wconf 82' lang='lat' dir='ltr'>molliora]</span> <span class='ocrx_word' id='word_1_115' title='bbox 1316 1297 1623 1362; x_wconf 73' lang='lat' dir='ltr'>propensior,</span> 
     </span>
     <span class='ocr_line' id='line_1_18' title="bbox 202 1366 1621 1432; baseline 0.001 -19"><span class='ocrx_word' id='word_1_116' title='bbox 202 1380 455 1430; x_wconf 81' lang='lat' dir='ltr'>tamquam</span> <span class='ocrx_word' id='word_1_117' title='bbox 485 1366 524 1430; x_wconf 85' lang='lat'>2)</span> <span class='ocrx_word' id='word_1_118' title='bbox 559 1368 682 1413; x_wconf 86' lang='lat' dir='ltr'>ictus</span> <span class='ocrx_word' id='word_1_119' title='bbox 723 1386 750 1414; x_wconf 91' lang='lat' dir='ltr'>e</span> <span class='ocrx_word' id='word_1_120' title='bbox 787 1369 950 1428; x_wconf 75' lang='lat' dir='ltr'>caelo,</span> <span class='ocrx_word' id='word_1_121' title='bbox 1003 1367 1234 1431; x_wconf 79' lang='lat' dir='ltr'>vitalique</span> <span class='ocrx_word' id='word_1_122' title='bbox 1275 1367 1356 1414; x_wconf 86' lang='lat' dir='ltr'>via</span> <span class='ocrx_word' id='word_1_123' title='bbox 1402 1384 1621 1432; x_wconf 84' lang='lat' dir='ltr'>voceque</span> 
     </span>
     <span class='ocr_line' id='line_1_19' title="bbox 201 1434 1622 1501; baseline 0 -19"><span class='ocrx_word' id='word_1_124' title='bbox 201 1435 345 1482; x_wconf 79' lang='lat' dir='ltr'>limul</span> <span class='ocrx_word' id='word_1_125' title='bbox 368 1434 595 1501; x_wconf 84' lang='lat' dir='ltr'>obstricta</span> <span class='ocrx_word' id='word_1_126' title='bbox 613 1473 626 1494; x_wconf 77' lang='lat'>,</span> <span class='ocrx_word' id='word_1_127' title='bbox 657 1434 884 1484; x_wconf 83' lang='lat' dir='ltr'>suffectus</span> <span class='ocrx_word' id='word_1_128' title='bbox 907 1437 1052 1498; x_wconf 72' lang='lat' dir='ltr'>igneo</span> <span class='ocrx_word' id='word_1_129' title='bbox 1087 1437 1272 1484; x_wconf 84' lang='lat' dir='ltr'>lumine</span> <span class='ocrx_word' id='word_1_130' title='bbox 1304 1438 1622 1484; x_wconf 84' lang='lat' dir='ltr'>cernebatur:</span> 
     </span>
     <span class='ocr_line' id='line_1_20' title="bbox 202 1503 1623 1570; baseline -0.001 -18"><span class='ocrx_word' id='word_1_131' title='bbox 202 1505 238 1569; x_wconf 87' lang='lat'>³)</span> <span class='ocrx_word' id='word_1_132' title='bbox 260 1520 545 1569; x_wconf 82' lang='lat' dir='ltr'>erumpente</span> <span class='ocrx_word' id='word_1_133' title='bbox 576 1503 738 1552; x_wconf 85' lang='lat' dir='ltr'>subito</span> <span class='ocrx_word' id='word_1_134' title='bbox 777 1505 1036 1570; x_wconf 82' lang='lat' dir='ltr'>sanguine,</span> <span class='ocrx_word' id='word_1_135' title='bbox 1089 1506 1220 1553; x_wconf 87' lang='lat' dir='ltr'>letali</span> <span class='ocrx_word' id='word_1_136' title='bbox 1250 1505 1426 1552; x_wconf 78' lang='lat' dir='ltr'>sudore</span> <span class='ocrx_word' id='word_1_137' title='bbox 1461 1505 1623 1569; x_wconf 88' lang='lat' dir='ltr'>perfu-</span> 
     </span>
     <span class='ocr_line' id='line_1_21' title="bbox 199 1572 1621 1639; baseline 0 -19"><span class='ocrx_word' id='word_1_138' title='bbox 199 1572 304 1632; x_wconf 84' lang='lat' dir='ltr'>sus,</span> <span class='ocrx_word' id='word_1_139' title='bbox 332 1592 393 1621; x_wconf 87' lang='lat' dir='ltr'>ne</span> <span class='ocrx_word' id='word_1_140' title='bbox 412 1575 658 1621; x_wconf 78' lang='lat' dir='ltr'>laberetur</span> <span class='ocrx_word' id='word_1_141' title='bbox 679 1573 1008 1638; x_wconf 77' lang='lat' dir='ltr'>spectantibus</span> <span class='ocrx_word' id='word_1_142' title='bbox 1031 1576 1131 1639; x_wconf 81' lang='lat' dir='ltr'>⁴)et</span> <span class='ocrx_word' id='word_1_143' title='bbox 1151 1575 1347 1636; x_wconf 76' lang='lat' dir='ltr'>vilibus,</span> <span class='ocrx_word' id='word_1_144' title='bbox 1380 1572 1621 1621; x_wconf 83' lang='lat' dir='ltr'>concursu</span> 
     </span>
     <span class='ocr_line' id='line_1_22' title="bbox 200 1641 1622 1692; baseline 0 -3"><span class='ocrx_word' id='word_1_145' title='bbox 200 1643 535 1690; x_wconf 83' lang='lat' dir='ltr'>ministrorum</span> <span class='ocrx_word' id='word_1_146' title='bbox 558 1644 684 1691; x_wconf 80' lang='lat' dir='ltr'>vitae</span> <span class='ocrx_word' id='word_1_147' title='bbox 709 1642 981 1692; x_wconf 84' lang='lat' dir='ltr'>secretioris</span> <span class='ocrx_word' id='word_1_148' title='bbox 1003 1643 1063 1690; x_wconf 80' lang='lat' dir='ltr'>ad</span> <span class='ocrx_word' id='word_1_149' title='bbox 1088 1645 1319 1691; x_wconf 82' lang='lat' dir='ltr'>conclave</span> <span class='ocrx_word' id='word_1_150' title='bbox 1353 1641 1526 1691; x_wconf 81' lang='lat' dir='ltr'>ductus</span> <span class='ocrx_word' id='word_1_151' title='bbox 1557 1643 1622 1690; x_wconf 85' lang='lat' dir='ltr'>est</span> 
     </span>
     <span class='ocr_line' id='line_1_23' title="bbox 156 1709 1623 1777; baseline 0.002 -20"><span class='ocrx_word' id='word_1_152' title='bbox 156 1709 185 1763; x_wconf 74' lang='lat' dir='ltr'>s}</span> <span class='ocrx_word' id='word_1_153' title='bbox 202 1712 446 1759; x_wconf 87' lang='lat' dir='ltr'>intimum.</span> <span class='ocrx_word' id='word_1_154' title='bbox 519 1712 620 1758; x_wconf 90' lang='lat' dir='ltr'>Ubi</span> <span class='ocrx_word' id='word_1_155' title='bbox 641 1714 829 1760; x_wconf 87' lang='lat' dir='ltr'>locatus</span> <span class='ocrx_word' id='word_1_156' title='bbox 851 1713 901 1759; x_wconf 90' lang='lat' dir='ltr'>in</span> <span class='ocrx_word' id='word_1_157' title='bbox 922 1714 1077 1770; x_wconf 78' lang='lat' dir='ltr'>lecto,</span> <span class='ocrx_word' id='word_1_158' title='bbox 1109 1714 1302 1777; x_wconf 78' lang='lat' dir='ltr'>exiguas</span> <span class='ocrx_word' id='word_1_159' title='bbox 1324 1713 1520 1777; x_wconf 85' lang='lat' dir='ltr'>spiritus</span> <span class='ocrx_word' id='word_1_160' title='bbox 1550 1729 1623 1760; x_wconf 86' lang='lat' dir='ltr'>re-</span> 
     </span>
     <span class='ocr_line' id='line_1_24' title="bbox 200 1781 1624 1845; baseline 0 -17"><span class='ocrx_word' id='word_1_161' title='bbox 200 1781 378 1843; x_wconf 83' lang='lat' dir='ltr'>liquias</span> <span class='ocrx_word' id='word_1_162' title='bbox 404 1781 631 1843; x_wconf 79' lang='lat' dir='ltr'>trahens,</span> <span class='ocrx_word' id='word_1_163' title='bbox 676 1782 898 1829; x_wconf 85' lang='lat' dir='ltr'>nondum</span> <span class='ocrx_word' id='word_1_164' title='bbox 929 1782 1236 1845; x_wconf 84' lang='lat' dir='ltr'>intelligendi</span> <span class='ocrx_word' id='word_1_165' title='bbox 1266 1783 1457 1829; x_wconf 85' lang='lat' dir='ltr'>minuto</span> <span class='ocrx_word' id='word_1_166' title='bbox 1488 1782 1624 1845; x_wconf 85' lang='lat' dir='ltr'>vigo-</span> 
     </span>
     <span class='ocr_line' id='line_1_25' title="bbox 203 1849 1622 1915; baseline 0.001 -21"><span class='ocrx_word' id='word_1_167' title='bbox 203 1865 282 1909; x_wconf 78' lang='lat' dir='ltr'>re,</span> <span class='ocrx_word' id='word_1_168' title='bbox 312 1866 514 1896; x_wconf 84' lang='lat' dir='ltr'>cunctos</span> <span class='ocrx_word' id='word_1_169' title='bbox 534 1850 826 1913; x_wconf 81' lang='lat' dir='ltr'>agnoscebat</span> <span class='ocrx_word' id='word_1_170' title='bbox 857 1850 1119 1912; x_wconf 83' lang='lat' dir='ltr'>adstantes,</span> <span class='ocrx_word' id='word_1_171' title='bbox 1157 1869 1281 1915; x_wconf 88' lang='lat' dir='ltr'>quos</span> <span class='ocrx_word' id='word_1_172' title='bbox 1315 1849 1622 1912; x_wconf 82' lang='lat' dir='ltr'>cubicularii,</span> 
     </span>
     <span class='ocr_line' id='line_1_26' title="bbox 200 1918 1622 1983; baseline -0.001 -18"><span class='ocrx_word' id='word_1_173' title='bbox 200 1935 263 1965; x_wconf 88' lang='lat' dir='ltr'>ne</span> <span class='ocrx_word' id='word_1_174' title='bbox 284 1920 392 1982; x_wconf 79' lang='lat' dir='ltr'>quis</span> <span class='ocrx_word' id='word_1_175' title='bbox 414 1936 525 1965; x_wconf 88' lang='lat' dir='ltr'>eum</span> <span class='ocrx_word' id='word_1_176' title='bbox 557 1934 781 1966; x_wconf 87' lang='lat' dir='ltr'>necatum</span> <span class='ocrx_word' id='word_1_177' title='bbox 814 1918 1159 1983; x_wconf 82' lang='lat' dir='ltr'>suspicaretur,</span> <span class='ocrx_word' id='word_1_178' title='bbox 1200 1921 1448 1968; x_wconf 85' lang='lat' dir='ltr'>celeritate</span> <span class='ocrx_word' id='word_1_179' title='bbox 1476 1918 1622 1966; x_wconf 88' lang='lat' dir='ltr'>maxi-</span> 
     </span>
     <span class='ocr_line' id='line_1_27' title="bbox 201 1987 1619 2051; baseline 0.001 -18"><span class='ocrx_word' id='word_1_180' title='bbox 201 2004 280 2033; x_wconf 89' lang='lat' dir='ltr'>ma</span> <span class='ocrx_word' id='word_1_181' title='bbox 313 2000 643 2048; x_wconf 78' lang='lat' dir='ltr'>corrogamnt.</span> <span class='ocrx_word' id='word_1_182' title='bbox 735 1988 796 2033; x_wconf 87' lang='lat' dir='ltr'>Et</span> <span class='ocrx_word' id='word_1_183' title='bbox 837 1989 1073 2050; x_wconf 84' lang='lat' dir='ltr'>quoniam</span> <span class='ocrx_word' id='word_1_184' title='bbox 1109 1987 1348 2035; x_wconf 88' lang='lat' dir='ltr'>viscerum</span> <span class='ocrx_word' id='word_1_185' title='bbox 1389 1991 1619 2051; x_wconf 83' lang='lat' dir='ltr'>flagrante</span> 
     </span>
     <span class='ocr_line' id='line_1_28' title="bbox 200 2054 1623 2118; baseline -0.001 -15"><span class='ocrx_word' id='word_1_186' title='bbox 200 2063 440 2118; x_wconf 75' lang='lat' dir='ltr'>compage</span> <span class='ocrx_word' id='word_1_187' title='bbox 464 2054 668 2101; x_wconf 77' lang='lat' dir='ltr'>laxanda</span> <span class='ocrx_word' id='word_1_188' title='bbox 689 2068 790 2101; x_wconf 86' lang='lat' dir='ltr'>erat</span> <span class='ocrx_word' id='word_1_189' title='bbox 809 2054 1071 2102; x_wconf 77' lang='lat' dir='ltr'>neceffario</span> <span class='ocrx_word' id='word_1_190' title='bbox 1102 2073 1249 2116; x_wconf 82' lang='lat' dir='ltr'>vena,</span> <span class='ocrx_word' id='word_1_191' title='bbox 1298 2056 1457 2102; x_wconf 88' lang='lat' dir='ltr'>nullus</span> <span class='ocrx_word' id='word_1_192' title='bbox 1489 2056 1623 2103; x_wconf 86' lang='lat' dir='ltr'>inve-</span> 
     </span>
     <span class='ocr_line' id='line_1_29' title="bbox 196 2121 1619 2189; baseline 0.001 -18"><span class='ocrx_word' id='word_1_193' title='bbox 196 2124 299 2171; x_wconf 84' lang='lat' dir='ltr'>·niri</span> <span class='ocrx_word' id='word_1_194' title='bbox 331 2124 492 2187; x_wconf 84' lang='lat' dir='ltr'>potuit</span> <span class='ocrx_word' id='word_1_195' title='bbox 518 2121 737 2170; x_wconf 88' lang='lat' dir='ltr'>medicus</span> <span class='ocrx_word' id='word_1_196' title='bbox 770 2123 892 2169; x_wconf 85' lang='lat' dir='ltr'>hane</span> <span class='ocrx_word' id='word_1_197' title='bbox 927 2124 991 2169; x_wconf 89' lang='lat' dir='ltr'>ob</span> <span class='ocrx_word' id='word_1_198' title='bbox 1013 2123 1228 2184; x_wconf 83' lang='lat' dir='ltr'>causam,</span> <span class='ocrx_word' id='word_1_199' title='bbox 1266 2123 1508 2188; x_wconf 82' lang='lat' dir='ltr'>quod-eos</span> <span class='ocrx_word' id='word_1_200' title='bbox 1533 2143 1619 2189; x_wconf 88' lang='lat' dir='ltr'>per</span> 
     </span>
     <span class='ocr_line' id='line_1_30' title="bbox 202 2191 1621 2257; baseline 0 -17"><span class='ocrx_word' id='word_1_201' title='bbox 202 2192 333 2240; x_wconf 85' lang='lat' dir='ltr'>varia</span> <span class='ocrx_word' id='word_1_202' title='bbox 355 2191 586 2257; x_wconf 81' lang='lat' dir='ltr'>sparserat</span> <span class='ocrx_word' id='word_1_203' title='bbox 604 2228 617 2254; x_wconf 83' lang='lat'>,</span> <span class='ocrx_word' id='word_1_204' title='bbox 652 2206 902 2240; x_wconf 87' lang='lat' dir='ltr'>curaturos</span> <span class='ocrx_word' id='word_1_205' title='bbox 929 2191 1137 2239; x_wconf 88' lang='lat' dir='ltr'>militem</span> <span class='ocrx_word' id='word_1_206' title='bbox 1168 2192 1467 2256; x_wconf 78' lang='lat' dir='ltr'>pestilentiae</span> <span class='ocrx_word' id='word_1_207' title='bbox 1492 2212 1621 2241; x_wconf 86' lang='lat' dir='ltr'>mor-</span> 
     </span>
     <span class='ocr_line' id='line_1_31' title="bbox 155 2261 1619 2326; baseline 0.001 -18"><span class='ocrx_word' id='word_1_208' title='bbox 155 2262 271 2308; x_wconf 66' lang='lat'>5120</span> <span class='ocrx_word' id='word_1_209' title='bbox 302 2275 556 2309; x_wconf 84' lang='lat' dir='ltr'>tentatum.</span> <span class='ocrx_word' id='word_1_210' title='bbox 647 2261 785 2308; x_wconf 87' lang='lat' dir='ltr'>Unus</span> <span class='ocrx_word' id='word_1_211' title='bbox 826 2275 987 2308; x_wconf 84' lang='lat' dir='ltr'>tamen</span> <span class='ocrx_word' id='word_1_212' title='bbox 1020 2276 1264 2326; x_wconf 80' lang='lat' dir='ltr'>repertus,</span> <span class='ocrx_word' id='word_1_213' title='bbox 1311 2280 1484 2310; x_wconf 87' lang='lat' dir='ltr'>venam</span> <span class='ocrx_word' id='word_1_214' title='bbox 1515 2263 1619 2310; x_wconf 87' lang='lat' dir='ltr'>eius</span> 
     </span>
     <span class='ocr_line' id='line_1_32' title="bbox 202 2329 1618 2396; baseline 0.002 -19"><span class='ocrx_word' id='word_1_215' title='bbox 202 2331 381 2377; x_wconf 86' lang='lat' dir='ltr'>iterum</span> <span class='ocrx_word' id='word_1_216' title='bbox 412 2329 700 2395; x_wconf 79' lang='lat' dir='ltr'>saepiusque</span> <span class='ocrx_word' id='word_1_217' title='bbox 733 2329 1021 2395; x_wconf 79' lang='lat' dir='ltr'>pungendo,</span> <span class='ocrx_word' id='word_1_218' title='bbox 1079 2349 1138 2378; x_wconf 89' lang='lat' dir='ltr'>ne</span> <span class='ocrx_word' id='word_1_219' title='bbox 1189 2345 1374 2395; x_wconf 80' lang='lat' dir='ltr'>guttam</span> <span class='ocrx_word' id='word_1_220' title='bbox 1415 2331 1618 2396; x_wconf 86' lang='lat' dir='ltr'>quidem</span> 
     </span>
     <span class='ocr_line' id='line_1_33' title="bbox 203 2399 1617 2465; baseline 0 -17"><span class='ocrx_word' id='word_1_221' title='bbox 203 2399 392 2448; x_wconf 71' lang='lat' dir='ltr'>cruoris</span> <span class='ocrx_word' id='word_1_222' title='bbox 427 2400 603 2448; x_wconf 87' lang='lat' dir='ltr'>elicere</span> <span class='ocrx_word' id='word_1_223' title='bbox 636 2400 823 2465; x_wconf 82' lang='lat' dir='ltr'>potuit,</span> <span class='ocrx_word' id='word_1_224' title='bbox 867 2399 1068 2447; x_wconf 88' lang='lat' dir='ltr'>internis</span> <span class='ocrx_word' id='word_1_225' title='bbox 1113 2400 1361 2447; x_wconf 82' lang='lat' dir='ltr'>nimietate</span> <span class='ocrx_word' id='word_1_226' title='bbox 1394 2401 1617 2449; x_wconf 72' lang='lat' dir='ltr'>calonum</span> 
     </span>
     <span class='ocr_line' id='line_1_34' title="bbox 202 2467 1616 2534; baseline 0.001 -19"><span class='ocrx_word' id='word_1_227' title='bbox 202 2468 459 2515; x_wconf 85' lang='lat' dir='ltr'>ambustis.</span> <span class='ocrx_word' id='word_1_228' title='bbox 506 2470 609 2530; x_wconf 81' lang='lat' dir='ltr'>vel,</span> <span class='ocrx_word' id='word_1_229' title='bbox 652 2483 708 2516; x_wconf 89' lang='lat' dir='ltr'>ut</span> <span class='ocrx_word' id='word_1_230' title='bbox 748 2467 948 2534; x_wconf 86' lang='lat' dir='ltr'>quidam</span> <span class='ocrx_word' id='word_1_231' title='bbox 987 2469 1342 2528; x_wconf 75' lang='lat' dir='ltr'>existimabant,</span> <span class='ocrx_word' id='word_1_232' title='bbox 1394 2470 1616 2517; x_wconf 85' lang='lat' dir='ltr'>arefactis</span> 
     </span>
     <span class='ocr_line' id='line_1_35' title="bbox 202 2536 1616 2607; baseline 0.001 -24"><span class='ocrx_word' id='word_1_233' title='bbox 202 2536 318 2585; x_wconf 84' lang='lat' dir='ltr'>ideo</span> <span class='ocrx_word' id='word_1_234' title='bbox 337 2538 599 2601; x_wconf 79' lang='lat' dir='ltr'>membris,</span> <span class='ocrx_word' id='word_1_235' title='bbox 630 2537 769 2604; x_wconf 85' lang='lat' dir='ltr'>quod</span> <span class='ocrx_word' id='word_1_236' title='bbox 800 2552 982 2607; x_wconf 78' lang='lat' dir='ltr'>meatus</span> <span class='ocrx_word' id='word_1_237' title='bbox 1017 2538 1193 2603; x_wconf 76' lang='lat' dir='ltr'>aliqui,</span> <span class='ocrx_word' id='word_1_238' title='bbox 1235 2555 1356 2603; x_wconf 86' lang='lat' dir='ltr'>quos</span> <span class='ocrx_word' id='word_1_239' title='bbox 1392 2537 1616 2586; x_wconf 85' lang='lat' dir='ltr'>haemor-</span> 
     </span>
    </p>
   </div>
   <div class='ocr_carea' id='block_1_3' title="bbox 207 2723 1613 2824">
    <p class='ocr_par' dir='ltr' id='par_1_3' title="bbox 207 2723 1613 2824">
     <span class='ocr_line' id='line_1_36' title="bbox 256 2723 1613 2774; baseline 0.004 -17"><span class='ocrx_word' id='word_1_240' title='bbox 256 2723 295 2765; x_wconf 69' lang='grc' dir='ltr'>ι)</span> <span class='ocrx_word' id='word_1_241' title='bbox 334 2724 401 2759; x_wconf 80' lang='grc' dir='ltr'>ΜΓ.</span> <span class='ocrx_word' id='word_1_242' title='bbox 437 2725 588 2772; x_wconf 84' lang='lat' dir='ltr'>Equitio</span> <span class='ocrx_word' id='word_1_243' title='bbox 628 2727 662 2760; x_wconf 85' lang='lat' dir='ltr'>in</span> <span class='ocrx_word' id='word_1_244' title='bbox 699 2724 918 2762; x_wconf 79' lang='lat' dir='ltr'>Confistorio</span> <span class='ocrx_word' id='word_1_245' title='bbox 954 2725 1108 2762; x_wconf 69' lang='lat' dir='ltr'>vadente</span> <span class='ocrx_word' id='word_1_246' title='bbox 1143 2727 1234 2765; x_wconf 85' lang='lat' dir='ltr'>[unt.</span> <span class='ocrx_word' id='word_1_247' title='bbox 1283 2729 1320 2774; x_wconf 82' lang='lat'>2)</span> <span class='ocrx_word' id='word_1_248' title='bbox 1348 2729 1398 2763; x_wconf 84' lang='lat' dir='ltr'>al.</span> <span class='ocrx_word' id='word_1_249' title='bbox 1426 2728 1515 2762; x_wconf 70' lang='lat' dir='ltr'>iens</span> <span class='ocrx_word' id='word_1_250' title='bbox 1542 2727 1613 2764; x_wconf 75' lang='lat' dir='ltr'>telo</span> 
     </span>
     <span class='ocr_line' id='line_1_37' title="bbox 207 2768 1527 2824; baseline 0.003 -21"><span class='ocrx_word' id='word_1_251' title='bbox 207 2768 331 2804; x_wconf 79' lang='lat' dir='ltr'>vitalia</span> <span class='ocrx_word' id='word_1_252' title='bbox 356 2783 533 2820; x_wconf 80' lang='lat' dir='ltr'>v0c·.cque</span> <span class='ocrx_word' id='word_1_253' title='bbox 589 2774 624 2819; x_wconf 80' lang='lat'>5)</span> <span class='ocrx_word' id='word_1_254' title='bbox 652 2772 716 2809; x_wconf 72' lang='grc' dir='ltr'>ΜΓ</span> <span class='ocrx_word' id='word_1_255' title='bbox 746 2786 826 2820; x_wconf 76' lang='lat' dir='ltr'>egre</span> <span class='ocrx_word' id='word_1_256' title='bbox 855 2787 949 2824; x_wconf 85' lang='lat' dir='ltr'>pene</span> <span class='ocrx_word' id='word_1_257' title='bbox 977 2775 1114 2810; x_wconf 75' lang='lat' dir='ltr'>cubito</span> <span class='ocrx_word' id='word_1_258' title='bbox 1173 2781 1210 2821; x_wconf 66' lang='grc'>4)</span> <span class='ocrx_word' id='word_1_259' title='bbox 1247 2776 1299 2810; x_wconf 87' lang='lat' dir='ltr'>al.</span> <span class='ocrx_word' id='word_1_260' title='bbox 1325 2786 1360 2810; x_wconf 87' lang='lat' dir='ltr'>et</span> <span class='ocrx_word' id='word_1_261' title='bbox 1385 2774 1527 2810; x_wconf 41' lang='lat' dir='ltr'>vilan</span> 
     </span>
    </p>
   </div>
  </div>
 </body>
</html>
