1727 3144
185 138 316 170 vAL.
353 139 642 172 eRA'nAN.
680 141 754 172 ET
794 141 1052 174 vannn'r.
1087 143 1132 174 2.
1205 131 1318 192 578.
1425 133 1519 179 601

119 247 367 313 sumptum
396 248 627 297 incendio
661 249 824 298 hostili
857 252 1201 317 comperimus
1293 254 1425 306 Illud
1461 269 1527 302 ta-

118 335 231 364 men
251 332 439 366 ceitum
462 319 550 380 eft,
589 337 677 366 nee
698 320 947 384 Scipioni,
981 339 1069 369 nec
1097 322 1290 370 Valenti
1317 323 1525 388 sepultu-

118 403 248 446 ram,
286 387 721 451 quisupiemitatis
734 388 896 436 houm
917 390 1007 450 est,
1035 390 1301 455 contigiss'e

216 456 273 505 In
295 456 392 504 hae
416 457 675 534 multiplici
700 457 916 505 virorum
944 459 1200 507 illusuium
1231 458 1373 507 clade.
1406 458 1526 508 Tra-

119 522 218 570 iani
240 542 370 571 mors
396 525 616 586 eminuit,
649 540 696 573 et
715 526 1005 576 Sebastiani:
1039 546 1151 575 cum
1171 529 1350 592 quibus
1367 545 1523 577 xxxv.

115 594 408 655 oppetivere
426 594 611 642 tribuni
635 595 898 655 vacantes,
928 609 976 643 et
1009 614 1324 645 numerorum
1352 597 1526 645 Recto-

64 666 66 668 ’
118 678 219 721 165,
267 675 313 708 et
346 664 633 712 Valeiianus
672 677 817 726 atque
851 663 1102 726 Equitius:
1156 684 1367 730 quorum
1408 667 1527 714 alter

114 729 388 793 stabulum,
427 734 544 781 altei
564 732 765 777 cunabat
786 731 1034 792 palatium.
1106 734 1240 781 Inter
1258 734 1351 782 hos
1379 735 1526 783 etiam

114 796 153 844 P
162 814 465 846 romotorum
488 799 711 844 tribunus
730 796 986 849 Potentius
1005 799 1214 848 cecidit
1203 820 1263 848 m
1275 803 1523 865 piimaevo

113 867 287 913 aetatis
305 868 451 927 flore,
484 866 618 912 bono
641 865 821 930 cuique
851 861 890 931 ⁶)
910 866 1194 931 spectatus,
1208 870 1407 918 meritis
1435 870 1527 918 Ui-

115 935 253 981 licini
301 936 451 999 patuis
492 934 710 998 Magisui
749 935 1008 999 quondam.
1043 956 1292 985 armorum
1331 938 1527 1002 suisque

116 1003 537 1053 commendabilis.
640 1003 947 1069 Constatque
980 1006 1063 1055 vix
1102 1007 1293 1055 tertiam
1329 1007 1525 1058 -evafiffe

117 1073 356 1120 exereitus
380 1087 579 1139 partem.
652 1071 757 1119 Nec
783 1073 882 1119 ulla·
908 1076 1158 1122 annalibus
1191 1090 1378 1137 praeter
1405 1077 1528 1124 Can-

115 1140 315 1189 nensem
348 1140 684 1206 ›pugnamita
727 1140 791 1188 ad
825 1142 1209 1191 internecionem
1246 1163 1321 1194 res
1348 1145 1526 1208 legitur

117 1211 270 1271 gesta,
318 1228 614 1276 quamquam
648 1210 856 1258 Romani
887 1212 1144 1276 aliquoties
1179 1216 1376 1261 reflante
1411 1214 1528 1261 For-

116 1293 232 1327 tuna
266 1279 467 1326 fallaciis
498 1279 587 1326 lufi
621 1279 865 1326 bellorum
906 1281 1151 1345 iniquitati
1188 1281 1424 1329 cefferunt
1463 1282 1528 1331 ad

114 1361 332 1413 tempus:
369 1363 416 1396 et
436 1347 698 1397 certamina
721 1348 872 1395 multa
896 1350 1145 1398 fabulosae
1181 1351 1352 1399 neniae
1383 1353 1527 1400 fleve-

115 1436 166 1465 re
198 1420 518 1465 Gnaecomm.

215 1487 357 1535 XIV
392 1486 546 1534 Pe1iit
566 1500 728 1534 autem
751 1486 851 1535 hoc
878 1488 1010 1535 exitu
1034 1489 1214 1537 Valens
1230 1527 1242 1550 ‚
1287 1490 1563 1568 quinqua-¹

114 1555 295 1621 gesimo
318 1573 445 1603 auno
469 1556 763 1619 contiguus,¹
785 1576 898 1604 cum
922 1575 1008 1621 per
1029 1577 1180 1606 annos
1209 1573 1418 1623 quatuor
1439 1560 1529 1606 im-

113 1624 318 1689 pexaffet
344 1639 390 1672 et
414 1623 584 1672 decem
606 1642 753 1688 parvo
779 1626 954 1672 minus.
1028 1627 1179 1674 Cuius
1204 1628 1332 1676 bona
1361 1627 1528 1676 multis

115 1695 308 1757 cognita
330 1693 547 1742 dicemus
571 1707 619 1741 et
637 1694 768 1740 vitia.
844 1695 1048 1742 Amicus
1070 1695 1228 1743 fidelis
1261 1710 1309 1745 et
1337 1698 1526 1757 firmus,

113 1763 245 1810 ultor
272 1781 382 1810 acer
415 1762 768 1820 ambitionum,
802 1762 996 1811 severus
1030 1764 1250 1813 militaris
1272 1773 1328 1812 'et
1370 1765 1527 1813 civilis

117 1831 399 1895 disciplinae
421 1845 694 1880 corrector:
732 1832 940 1896 pervigil
963 1831 1154 1897 semper
1176 1847 1224 1881 et
1248 1834 1433 1894 anxius,
1464 1851 1526 1880 ne

112 1920 169 1965 pl
174 1901 532 1965 opinquitatem
551 1900 654 1948 eius
677 1900 1000 1964 praetendens
1023 1901 1162 1948 altius
1183 1901 1333 1949 semet
1353 1902 1524 1950 ferret:

111 1987 224 2033 eiga
260 1968 549 2017 deferendas
569 1968 853 2048 potestates
873 1969 952 2016 vel
992 1968 1290 2048 adimendas
1320 1971 1526 2018 nimium

112 2036 309 2084 taidus:
359 2036 724 2100 provinciarum
755 2035 1071 2113 aequissimus
1109 2051 1265 2084 tutor·
1256 2075 1268 2098 ‚
1319 2056 1526 2102 qualum

114 2107 318 2169 lingulas
340 2119 395 2152 ut
415 2103 619 2156 domum
644 2105 894 2168 propriam
919 2105 1222 2154 custodiebat
1241 2105 1525 2155 indemnes:

114 2175 409 2221 tributorum
433 2190 580 2220 onera
602 2171 762 2222 studio
792 2172 1008 2237 quodam
1037 2175 1261 2221 molliens
1280 2173 1525 2238 fingulari,

115 2244 245 2290 nulla
278 2241 592 2303 vectigalium
625 2238 886 2288 admittens
918 2257 1198 2306 augmenta,
1245 2243 1297 2288 in
1328 2244 1362 2307 ¹)
1386 2243 1526 2292 adae-

120 2311 281 2359 nandis
306 2310 610 2374 reliquorum
633 2307 811 2356 debitis
835 2328 935 2358 non
957 2310 1210 2372 molestus3
1258 2311 1449 2359 furibus
1478 2329 1526 2362 et

114 2382 164 2427 in
195 2380 418 2444 peculatu
443 2376 754 2441 deprehenfis
776 2378 1059 2427 iudicibus
1048 2379 1275 2426 mimicus
1308 2379 1445 2445 asper
1478 2396 1526 2430 et

116 2450 394 2497 vehemens.
478 2446 584 2494 Nec
617 2444 705 2495 sub
745 2447 842 2496 alio
883 2447 1159 2511 Piincipe
1148 2467 1198 2494 in
1240 2447 1527 2499 huiusmodi

114 2517 323 2582 negotiis
355 2515 529 2566 melius
560 2513 722 2563 secum
756 2530 917 2563 actum
951 2515 1041 2563 effe
1077 2517 1300 2566 meminit
1332 2517 1524 2570 Οιίειιε

117 2590 275 2650 Super
305 2584 382 2632 his
417 2584 642 2631 omnibus
667 2583 880 2632 liberalis
907 2599 1009 2634 erat
1032 2605 1144 2632 cum
1164 2585 1574 2638 moderzationefz

118 2676 144 2699 «ι
151 2656 254 2700 nius
277 2654 346 2701 rei
368 2653 483 2701 licet
505 2650 756 2699 abundent
777 2654 1023 2717 exenffipla
1060 2673 1210 2703 ιιιιιιιιι
1243 2669 1403 2704 tamen
1437 2656 1527 2706 suf-

164 2769 237 2813 6)
224 2769 274 2801 tl.
308 2767 486 2815 spectatis.
551 2767 591 2814 ι)
619 2766 669 2800 al.
702 2764 939 2812 requirendis

1547 1090 1598 1133 19

1544 1714 1574 1743 2
