1727 3144
251 156 507 187 VALENT.
549 156 676 187 vAL.
712 155 783 186 ET
837 155 1136 187 GRATIAN.
1209 145 1324 191 568.
1419 145 1514 190 453

107 264 349 329 (libusque
384 265 534 327 datis,
575 280 630 313 ut
659 266 951 330 imperatum
985 263 1076 324 est,
1117 263 1396 315 immobiles
1428 267 1512 315 diu

81 394 84 396 -
106 333 320 382 mansere
337 371 350 395 ,
386 335 512 382 nihil
532 335 764 382 audentes
785 333 972 381 hostile.

206 403 342 451 Haec
393 404 521 452 iuter
577 404 906 452 Praetextatus
969 402 1324 467 praefecturam
1377 403 1509 449 urhis
1528 411 1556 452 8

105 469 360 520 sublimius
382 491 581 535 curans,
617 492 704 538 per
731 472 1018 536 integritatis
1047 469 1343 537 multiplices
1379 484 1510 517 actus

107 554 156 587 et
185 541 466 604 probitatis,
522 543 699 607 quibus
735 543 796 589 ab
836 539 1186 589 adulescentiae
1228 538 1515 587 rudimentis

104 608 358 672 inclaruit,
393 610 593 676 adeptus
620 611 685 658 eft
712 611 790 671 id,
828 609 964 675 quod
995 627 1104 657 raro
1133 608 1399 673 contingit,
1442 621 1513 670 ut,

104 696 217 724 cum
271 679 546 739 timeretur,
613 697 830 726 amorem
884 696 983 724 non
1031 677 1259 742 perderet
1311 676 1510 736 civium,

102 748 143 810 ⁴)
173 747 332 794 minus
369 749 552 794 firmari
588 746 784 793 solitum
826 763 935 808 erga
971 746 1158 794 iudices
1202 744 1506 793 formidatos.

104 816 253 863 Cuius
280 816 562 862 auctoritate
584 815 813 879 iustisque
835 814 1045 862 veritatis
1073 813 1308 879 suffragiis
1333 815 1508 861 tumul·
1524 826 1549 868 9

102 898 155 929 tu
174 884 352 945 lenito,
399 902 546 947 quem
581 884 966 931 Christianorum
1001 883 1155 948 iurgia
1183 883 1513 938 concitarunt,

100 950 337 1015 pulsoque
361 952 394 1018 ⁵)
423 952 621 1014 Urfino,
656 954 748 999 alta
785 953 922 1016 quies
953 967 1111 1015 parta,
1161 951 1411 1017 proposito
1443 953 1510 999 ci-

99 1021 231 1067 vium
257 1021 591 1069 Romanorum
623 1021 885 1084 aptiffiina:
931 1035 978 1068 et
1014 1020 1323 1068 adulescebat
1355 1020 1510 1083 gloria

101 1088 140 1153 ὖ)
180 1091 413 1152 praeclari
467 1091 669 1138 rectoris
726 1091 865 1154 plura
914 1104 960 1138 et
1009 1090 1148 1136 utilia
1186 1089 1504 1154 disponentis.

98 1161 136 1223 7)
170 1159 396 1223 Namque
424 1174 472 1207 et
505 1159 762 1206 Maeniana
799 1157 991 1206 sustulit
1033 1158 1220 1218 onmia,
1279 1157 1509 1205 fabricari
1529 1175 1579 1202 ιο

97 1227 282 1274 Romae
317 1228 484 1291 priscis
514 1246 713 1292 quoque
750 1229 897 1275 vetita
930 1228 1144 1291 legibus:
1197 1241 1243 1274 ct
1276 1226 1505 1273 discrevit

100 1297 160 1342 ab
182 1295 384 1343 aedibus
404 1296 547 1343 sacris
572 1298 872 1360 privatorum
899 1297 1130 1360 parietes,
1171 1293 1346 1342 iisdem
1375 1295 1510 1342 inve-

100 1364 315 1412 recunde
344 1373 619 1413 connexos:
660 1364 978 1430 ponderaque
1011 1384 1094 1429 per
1127 1365 1347 1429 regiones
1380 1363 1510 1410 insti-

100 1434 194 1480 tuit
226 1434 495 1496 univcrsas,
531 1452 645 1482 cum
674 1433 890 1481 aviditati
921 1436 1186 1481 multorum
1217 1451 1273 1480 cx
1302 1431 1510 1479 libidine

98 1502 304 1549 trutinas
339 1503 745 1569 componentium
780 1505 971 1550 occurri
1000 1503 1237 1567 nequiret.
1319 1502 1378 1548 In
1409 1518 1510 1547 exa·

97 1570 342 1618 minandis
363 1590 479 1619 vero
497 1572 666 1618 litibus
696 1586 806 1618 ante
827 1573 946 1618 alios
966 1571 1018 1618 id
1042 1569 1337 1635 impetravit,
1373 1567 1507 1633 quod

98 1639 349 1688 laudando
371 1635 580 1688 Brutum
605 1641 798 1688 Tullius
820 1641 996 1702 refert,
1027 1654 1106 1699 ut,
1151 1657 1261 1685 cum
1292 1637 1417 1684 nihil
1448 1635 1510 1684 ad

100 1709 303 1772 gratiam
341 1710 548 1771 faceret,
589 1710 752 1758 omnia
795 1724 954 1756 tamen
986 1723 1118 1775 grata
1161 1708 1198 1773 ⁸)
1228 1705 1510 1756 viderentur

101 1777 218 1837 effe,
251 1795 371 1841 quae
398 1780 439 1844 ⁹)
459 1779 727 1826 factitabat.

151 1883 154 1885 Α
194 1847 259 1893 X.
303 1842 407 1893 Sub
440 1846 574 1895 idem
604 1849 705 1895 fere
736 1862 927 1912 tempus
959 1846 1306 1897 Valentiniano
1336 1844 1400 1892 ad
1435 1861 1510 1892 ex-
1539 1863 1552 1888 ι

97 1913 405 1979 peditiouem
439 1930 599 1977 caute,
638 1931 692 1963 ut
730 1918 950 1978 rebatur,
995 1917 1249 1982 profecto,
1282 1914 1511 1962 Alaman-

97 2002 189 2031 nus
223 1984 394 2048 re-galis
423 1984 597 2031 Rando
633 1986 858 2046 nomine,
899 1985 982 2032 d-iu
1015 1985 1338 2050 praestruens,
1375 1981 1511 2048 quod

99 2053 371 2117 cogitabat,
407 2052 778 2117 Mogontiacum
803 2053 1051 2118 praesidiis
1073 2072 1281 2102 vacuum
1302 2069 1414 2099 cum
1439 2068 1512 2097 ex-

98 2121 279 2186 peditis
301 2121 362 2167 ad
383 2122 776 2169 latrocinandum
795 2124 999 2171 latenter
1021 2122 1225 2187 irreplit⁰
1310 2120 1371 2166 Et
1391 2137 1510 2184 quo·
1528 2139 1555 2167 2

100 2190 233 2237 niani
253 2188 361 2235 casu
383 2189 641 2237 Christiani
666 2193 783 2239 ritus
803 2193 988 2240 invenit
1011 2190 1246 2240 celebrari
1270 2187 1512 2235 sollemni-

101 2272 277 2319 tatem,
305 2257 659 2322 impraepedite
679 2260 1056 2324 cuiusquemodi
1088 2262 1312 2306 fortunae
1345 2259 1380 2320 ¹)
1401 2256 1511 2302 viri-

99 2327 147 2374 le
180 2341 227 2374 et
259 2327 498 2374 muliebre
526 2325 658 2374 secus
697 2347 809 2377 cum
842 2330 1131 2397 supellectili
1154 2344 1251 2374 non
1274 2343 1417 2389 parva
1440 2325 1511 2370 iu-

104 2395 358 2444 defensum
380 2395 599 2442 abduxit.

196 2464 355 2513 Parvo
377 2463 495 2513 inde
517 2464 621 2529 post
649 2463 901 2515 intervallo
932 2465 1134 2530 inopina
1161 2464 1230 2512 rei
1263 2463 1506 2510 Romanae
1527 2476 1552 2518 3

100 2531 206 2597 spes
247 2533 506 2581 laetiorum
551 2532 756 2581 adfulfit.
858 2537 982 2584 Cum
1028 2534 1157 2581 enim
1194 2531 1506 2582 Vithicabius

318 2616 321 2621 ,
793 2603 816 2629 4

150 2672 186 2710 4)
216 2669 264 2702 ol.
293 2667 413 2702 minis.
469 2669 505 2708 5)
530 2666 595 2703 Ms.
627 2664 768 2702 Ursino.
823 2668 866 2713 G)
896 2665 960 2718 Ml]
991 2664 1179 2718 praeclari.
1243 2670 1277 2711 7)
1304 2662 1372 2716 Ms‘.
1398 2662 1509 2710 Nam-

112 2714 527 2794 :inlitam-gnivsxussſjh
560 2712 656 2755 deest
691 2713 734 2748 al.
785 2715 829 2762 9)
858 2714 908 2747 al.
939 2713 1102 2747 iaciebat.
1170 2713 1206 2758 ι)
1233 2714 1282 2746 ul.
1312 2709 1448 2745 Virilem
1478 2719 1511 2743 et
