1727 3144
268 177 333 223 56
499 191 773 223 AMMANt
804 189 1196 221 MARCELLINAI
1229 188 1340 235 xiv,
1380 189 1457 219 11.

209 318 257 346 11
366 298 584 350 Advenit
613 298 720 365 post
743 299 924 346 multos
945 298 984 363 7)
1011 295 1215 345 Scudilo
1243 295 1566 345 scutariorum
1593 294 1677 343 tri-

245 371 460 428 bunus,
503 370 777 416 velamento
809 366 1094 430 subagrestis
1132 365 1316 429 ingenii
1354 364 1675 431 persuasionis

272 440 437 504 opifex
468 437 704 485 callidus:
751 436 837 502 qui
867 454 980 483 eum
1013 434 1249 483 adulabili
1288 431 1510 482 sermone
1541 433 1677 480 seriis

271 507 502 568 admisto,
544 506 673 554 solus
714 505 935 553 omnium
977 503 1222 568 proficisci
1259 504 1483 568 pellexit,
1539 502 1680 550 vultu

269 575 554 623 adsimulato
593 574 782 639 saepius
822 572 1134 638 replicando,
1191 572 1328 637 quod
1362 572 1678 636 flagrantibus

270 647 396 693 votis
416 663 527 692 eum
548 643 714 691 videre
736 644 883 690 frater
905 656 1106 707 cuperet
1125 642 1386 707 patruelis,
1427 639 1565 706 quod
1594 657 1680 703 per

272 713 656 777 imprudentiam
695 712 876 776 gestum
914 711 1002 773 est,
1061 709 1339 759 remissurus
1375 724 1431 757 ut
1466 709 1597 756 mitis
1634 721 1681 755 et

271 783 511 830 clemens:
544 781 931 847 participemque
955 798 1067 828 eum
1096 780 1221 827 suae
1239 779 1497 827 maiestatis
1531 776 1683 825 adsci-

273 865 404 912 tum,
434 851 474 917 ⁸)
511 865 558 899 et
578 852 796 898 futurum
820 850 1046 897 laborum
1068 866 1268 914 quoque
1296 847 1509 908 socium,
1557 864 1681 912 quos

217 920 486 967 12Arctoae
516 918 799 984 provinciae
836 918 922 965 diu
959 917 1101 966 seffae
1141 917 1423 982 poscebant.
1513 916 1681 979 *thue

272 987 430 1036 solent
452 1006 651 1036 manum
672 987 1018 1035 iniectantibus
1041 987 1150 1033 fatis
1169 986 1392 1034 hebetari
1410 983 1571 1032 sensus
1594 985 1684 1031 lio-

274 1058 464 1105 minum
493 1071 541 1105 et
575 1055 811 1117 obtundi,
851 1056 927 1102 his
956 1055 1199 1103 illecebris
1225 1055 1287 1102 ad
1313 1055 1574 1101 meliorum
1607 1070 1683 1099 ex-

273 1124 626 1189 spectationem
647 1139 863 1186 erectus,
892 1124 1198 1189 egressusque
1227 1123 1495 1171 Antiochia
1528 1121 1685 1169 numi-

273 1211 335 1241 ne
370 1194 510 1241 laevo
543 1193 798 1253 ductante,
844 1192 1036 1257 prorsus
1066 1193 1137 1240 ire
1169 1191 1404 1239 tendebat
1436 1191 1497 1238 de
1526 1191 1686 1250 fumo,

274 1275 331 1308 ut
360 1262 680 1325 proverbium
708 1262 928 1325 loquitur
962 1275 1126 1321 vetus,
1158 1260 1219 1307 ad
1239 1263 1511 1309 flammam:
1549 1273 1597 1307 et
1616 1259 1686 1304 in-

276 1329 455 1394 gressus
496 1328 999 1392 Constantinopolim,
1037 1342 1286 1392 tamquam
1316 1329 1368 1374 in
1397 1329 1541 1375 rebus
1575 1322 1686 1392 pro-

276 1399 427 1463 speris
458 1398 515 1445 et*
542 1397 752 1458 securis,
804 1395 947 1444 editis
991 1396 1291 1462 equestribus
1327 1395 1482 1461 ludis,
1535 1395 1686 1461 capiti

278 1469 319 1533 ⁹)
352 1467 550 1517 Coracis
571 1467 764 1529 aurigae
784 1483 1019 1513 coronam
1039 1464 1272 1530 imposuit
1291 1479 1345 1514 ut
1368 1465 1582 1518 victoris.

222 1543 273 1587 13
384 1536 500 1592 Quo
533 1536 734 1598 cognito
770 1533 1075 1582 Constantius
1115 1535 1242 1581 ultra
1283 1535 1540 1582 mortalem
1584 1550 1689 1579 mo-

283 1603 401 1650 dum
423 1603 619 1650 exarfit:
652 1620 706 1648 ac
733 1618 795 1648 ne
816 1619 915 1664 quo
938 1601 1050 1648 casu
1071 1602 1206 1650 idem
1229 1604 1398 1650 Gallus
1427 1602 1488 1651 de
1511 1602 1688 1649 futuris

281 1672 522 1731 incertus,
565 1671 745 1734 agitare
780 1668 1020 1733 quaedam
1049 1669 1375 1730 conducentia
1403 1671 1543 1719 saluti
1574 1670 1685 1718 suae

282 1758 371 1804 per
401 1740 575 1787 itinera
611 1752 894 1800 conaretur,
943 1738 1119 1785 remoti
1161 1738 1273 1786 sunt
1311 1758 1478 1788 omnes
1517 1739 1577 1788 de
1617 1741 1688 1786 in-

223 1802 464 1856 14dustria
491 1807 670 1854 milites
703 1821 896 1871 agentes
926 1806 975 1852 in
1002 1807 1281 1855 civitatibus
1321 1809 1511 1872 perviis.
1593 1808 1689 1855 Eo-

282 1895 377 1941 que
398 1891 620 1941 tempore
640 1876 830 1923 Taurus
853 1875 1075 1940 quaestor
1098 1876 1161 1923 ad
1190 1877 1475 1925 Armeniam
1507 1877 1688 1937 miffus,

281 1945 590 1993 confidenter
628 1962 717 1991 nec
761 1943 1004 2008 adpellato
1045 1962 1103 1992 eo
1148 1963 1238 1993 nec
1291 1945 1392 1994 viso
1447 1946 1715 1994 transivits

280 2015 475 2063 Venere
499 2028 659 2060 tamen
681 2013 832 2083 aliqui
853 2012 976 2059 iuffu
1007 2013 1347 2078 Imperatoris,
1389 2015 1687 2062 administra·

284 2082 475 2130 tionum
498 2081 655 2146 specie
677 2081 998 2142 diversarum,
1036 2083 1287 2145 eumdem,
1318 2102 1378 2131 ne
1409 2101 1686 2132 commove-

285 2169 337 2200 re
366 2150 413 2199 se
444 2150 623 2215 polset,
659 2168 778 2198 neve
813 2164 1018 2197 tentaret
1053 2151 1240 2216 aliquid
1271 2154 1486 2213 occulte,
1530 2152 1709 2200 custo-'

285 2218 464 2267 dituri:
492 2220 618 2267 inter
641 2237 762 2284 quos
786 2218 1020 2266 Leontius
1042 2235 1164 2281 erat,
1213 2222 1375 2285 postea
1406 2222 1518 2272 urbi
1550 2239 1684 2286 prae-

283 2288 467 2350 fectus,
509 2302 565 2335 ut
599 2288 849 2354 quaestor,
892 2301 938 2334 et
972 2288 1270 2336 Lucillianus
1301 2290 1428 2354 quali
1464 2289 1688 2338 domesti-

284 2376 458 2405 corum
501 2358 702 2418 Comes,
762 2370 809 2403 ct
851 2355 1172 2404 scutariorum
1215 2359 1439 2405 tribunus
1486 2359 1686 2405 nomine

233 2425 646 2474 15Bainobaiides.
716 2424 931 2472 Emenlis
957 2424 1121 2490 itaque
1149 2428 1309 2490 longis
1338 2427 1603 2489 intervallis
1640 2440 1688 2473 et
1713 2472 1717 2476 ,

285 2495 441 2559 planis
459 2532 472 2557 ,
517 2513 630 2541 cum
661 2493 1072 2555 Hadrianopolim
1102 2495 1339 2542 iutroiss'et
1363 2496 1536 2542 urbem
1558 2495 1685 2542 Hae-

284 2564 662 2625 mimontanam,
744 2560 1066 2609 Uscudamam
1116 2563 1320 2611 antehac
1376 2557 1684 2628 adpellatam,

284 2631 520 2696 fessasque
553 2633 721 2679 labore
764 2630 936 2678 dicbus
974 2630 1236 2680 duodecim
1277 2650 1497 2680 recreans
1540 2633 1684 2690 vires,

646 2742 869 2752 ——a-..--—-

325 2796 364 2840 φ)
391 2792 459 2830 Ms.
489 2794 682 2831 Cubiculo.
734 2797 777 2844 8)
804 2793 873 2831 ΜΓ.
905 2805 939 2832 et
968 2794 1145 2832 fututum,
1195 2798 1231 2846 9)
1256 2797 1325 2834 ΜΓ.
1357 2796 1549 2833 Thoracis.
