1727 3144
265 143 705 175 CONSTANTIUS
736 144 809 174 ET
846 144 1166 176 IULIANUS.
1229 134 1373 209 559..
1440 147 1533 194 ¹90

91 252 93 254 ’
121 251 303 316 species
325 251 608 318 suggerente
630 255 924 319 complure&
946 253 1084 309 cuius
1106 271 1162 302 ex
1193 269 1315 301 nutu
1344 257 1531 321 (prope

122 321 362 387 dixerim)
419 323 667 400 pendebat
727 323 1061 371 incedentium
1115 324 1336 370 omnium
1389 325 1527 372 lalus.

122 389 274 452 Nam,
304 389 340 436 [i
360 393 444 456 qui
465 392 677 440 iemedia
699 407 986 469 quartanae,
1021 392 1096 440 vel
1118 391 1303 439 dololis
1333 393 1528 441 alterius
1551 405 1603 458 14

120 459 250 506 collo
286 461 510 524 ‹restar7et
557 462 652 510 five
690 481 775 526 per
804 476 1178 509 monumentum
1210 460 1423 509 transisse
1454 480 1531 508 ve-

117 526 227 591 lper
232 547 256 576 e
277 530 618 579 malivolorum
644 545 924 595 argueretur
943 527 1162 592 indiciis,
1192 545 1246 577 ut
1267 532 1528 591 veneficus,

116 595 551 664 sepulcrorumque
586 601 815 648 horrores
853 614 902 648 et
933 568 1197 660 errantiuin
1222 599 1409 647 ibidem
1431 599 1531 646 ani-

117 684 304 713 marum
333 667 545 716 ludibria
573 670 808 732 colligens
840 687 988 729 vana,
1044 671 1384 734 pronuntiatus
1417 687 1526 716 reus

116 735 289 798 capitis
309 736 555 784 interibat.
623 738 686 784 Et
706 737 900 802 prorsus
920 738 986 784 ita
1006 756 1079 785 res
1105 740 1362 801 agebatur,
1393 736 1526 802 quali
1550 741 1600 786 15

115 803 339 865 Clarum,
386 805 684 854 Dodonaeas
715 807 942 868 arbones,
987 822 1034 855 et
1057 808 1195 854 effata
1213 807 1527 883 Delphoium

116 871 234 918 olim
247 871 516 936 sollemnia,
531 876 582 923 in
596 876 912 941 Imperatoris
934 877 1097 923 exitiu.
1097 897 1130 923 n
1155 876 1523 924 lollicitaveiint

115 941 271 988 multi.
303 941 448 990 Unde
468 913 819 993 blanditiaium
841 959 988 993 taetra
1011 960 1288 994 commenta
1310 945 1522 1009 palatina
1547 940 1598 985 ¹5

103 1009 292 1059 cohors
331 1013 569 1079 exquilite
606 1018 916 1079 confingens,
968 1015 1240 1062 immunem
1267 1033 1378 1062 eum
1417 1014 1524 1060 fore

112 1080 354 1128 maloium
376 1082 720 1131 communium
747 1084 1020 1144 adser‘7ebat
1056 1083 1236 1131 fatum
1233 1083 1334 1131 eius
1356 1082 1523 1143 vigens

109 1146 299 1213 semper
330 1166 378 1199 et
409 1152 669 1217 pr'aesens
658 1173 709 1200 ιι]
731 1153 986 1201 abolendis
1016 1152 1210 1201 adversa
1232 1144 1524 1200 conantibus

114 1218 333 1280 eluxiffe,
370 1222 574 1268 vocibus
596 1224 784 1286 magnis
815 1223 1100 1270 exclamans.

210 1287 272 1336 Et
305 1289 587 1353 inquilitum
616 1291 667 1336 in
705 1291 824 1338 haec
863 1291 1055 1351 negotia
1087 1288 1285 1347 fortius,
1354 1305 1519 1349 nenio,
1542 1307 1595 1351 17

112 1354 199 1416 qui
233 1357 433 1418 quidem
462 1372 590 1404 recte
624 1358 799 1421 sapiat,
839 1358 1169 1421 reprehendit.
1254 1356 1358 1403 Nec
1390 1356 1522 1403 enim

113 1425 373 1472 abnuimus
393 1425 595 1474 salutem
618 1427 822 1489 legitimi
846 1427 1104 1490 principis,
1143 1425 1520 1489 propugnatoris

111 1492 359 1540 bonorum
389 1509 436 1541 et
466 1493 757 1555 defensoris,
807 1495 938 1542 unde
966 1494 1088 1541 salus
1119 1495 1368 1558 quaeritur
1400 1493 1522 1554 aliis,

109 1560 390 1611 consociato
418 1563 577 1610 studio
608 1563 789 1609 muniri
822 1563 999 1610 debere
1025 1567 1342 1608 cunctorum:
1384 1562 1522 1608 cuius

112 1630 424 1679 redimendae
444 1630 584 1678 causa
612 1631 848 1692 validius,
884 1631 973 1676 ubi
994 1631 1209 1677 maiestas
1237 1629 1415 1693 pulsata
1441 1629 1521 1677 de-

110 1698 342 1761 fenditur,
373 1720 398 1748 a
419 1699 779 1765 quaestionibus
800 1700 877 1747 vel
897 1699 1110 1746 cruentis
1131 1699 1317 1745 nullam
1340 1700 1522 1745 Corne-

108 1769 204 1816 liae
240 1769 370 1833 leges
400 1786 623 1817 exemere
655 1770 918 1816 fortunam.
993 1766 1094 1815 Sed
1127 1766 1360 1814 exsultare
1392 1785 1520 1814 mac-
1544 1775 1594 1817 18

108 1837 189 1884 stis
216 1836 398 1885 casibus
430 1839 656 1885 effrenate
689 1856 788 1885 non
809 1838 978 1894 decet,
1005 1855 1065 1885 nc
1092 1836 1353 1884 videantur
1373 1836 1521 1883 licen-

106 1907 172 1954 tia
193 1906 293 1970 regi
316 1907 547 1970 subiecti,
579 1925 678 1955 non
703 1908 948 1971 potestate.
1021 1904 1294 1953 Imitandus
1316 1904 1371 1951 fit
1405 1905 1522 1952 Tut-

106 1975 200 2023 lius
217 2013 229 2036 ‚
262 1994 375 2024 cum
396 1975 602 2041 ¹parcere
633 1977 708 2023 vel
738 1976 930 2024 laedere
950 1974 1203 2041 potuiss'et,
1242 1987 1298 2021 ut
1317 1973 1416 2038 ipsc
1441 1973 1522 2020 ad-

108 2047 296 2106 firmat,
335 2044 619 2110 ignoscendi
655 2064 896 2110 quaerens
928 2044 1116 2105 causas,
1150 2062 1251 2091 non
1283 2042 1521 2107 puniendi

111 2114 412 2162 occafioncs:
485 2113 622 2178 quod
654 2113 831 2163 iudicis
878 2115 998 2163 lenti
1037 2128 1083 2160 et
1125 2111 1413 2161 conliderati
1455 2111 1520 2160 est

109 2184 381 2247 proprium.

210 2251 352 2299 Tunc
379 2251 508 2316 apud
535 2253 806 2317 Daphnen,
852 2269 1112 2299 amoenum
1143 2249 1265 2296 illud
1293 2262 1340 2296 et
1369 2248 1594 2309 ambi-19

110 2319 287 2367 tiorum
305 2321 601 2369 Antiochiae
622 2321 972 2381 suburbanum,
1009 2319 1112 2366 visu
1137 2319 1219 2365 rel
1210 2332 1387 2382 ituque
1408 2316 1523 2363 hor-

108 2389 317 2437 rendum
356 2405 524 2437 natum
567 2390 632 2437 est
677 2390 968 2450 monstrum,
1009 2389 1163 2434 ins-ms
1192 2403 1274 2433 ore
1306 2386 1518 2448 gemino,

109 2477 221 2505 cum
246 2458 473 2506 dentibus
494 2459 622 2505 binis
644 2472 691 2505 et
715 2459 894 2515 baiba,
927 2472 1235 2522 quatumque
1257 2454 1435 2515 oculis,
1472 2470 1520 2502 et

110 2526 394 2575 bieviffimis
427 2527 616 2574 duabus
649 2527 901 2574 auriculis.
954 2527 1037 2590 qui
1059 2537 1223 2588 paitus
1254 2522 1320 2570 ita
1344 2521 1517 2570 distor-

112 2609 186 2642 tus
216 2598 591 2660 praemonebat,
634 2594 1025 2660 rempublicam
1016 2612 1065 2639 ln
1092 2593 1264 2639 statum
1291 2593 1414 2640 verti
1440 2591 1521 2639 dc-

111 2665 335 2712 formem.
425 2665 700 2712 nascuntur
731 2662 1072 2710 huiuscemodi
1103 2660 1243 2726 saepe
1276 2675 1517 2724 portenta,
1544 2687 1597 2713 20

111 2731 374 2780 indicantia
400 2752 561 2782 rerum
582 2734 823 2783 variarum
847 2745 1067 2781 eventus:
1105 2747 1255 2794 quac,
1288 2732 1519 2795 qlfflsslam
