1727 3144
155 122 254 180 598
393 136 663 171 ,summm
701 138 1096 172 MARCELLINI
1142 140 1278 184 xxxi,
1322 125 1397 170 15.

122 264 149 292 2
165 263 273 291 rum
297 258 344 291 et
363 243 657 311 sagittarum.
726 248 920 297 Deinde
943 247 1136 297 collisae
1161 250 1213 297 in
1244 248 1448 296 modum
1479 265 1569 296 ror-

165 313 374 361 ftrorum
427 318 622 364 navium
670 317 820 373 acies,
870 316 1219 382 trudentesque
1260 316 1307 370 se
1352 316 1570 378 viciffim,

168 381 410 431 undarum
429 384 588 448 specie
607 387 821 435 motibus
843 387 951 435 sunt
970 387 1010 452 ²)
1031 387 1295 452 reciprocis
1316 386 1570 434 iactitatae.

269 451 331 499 Et
363 454 476 519 quia
506 453 741 502 finistrum
776 475 932 503 cornu
966 455 1183 521 adusque
1230 456 1433 520 plaustra
1472 454 1575 519 ipsa

173 520 386 582 acceffit,
431 523 556 569 ultra
589 523 645 588 (fi
674 525 757 589 qui
792 526 1002 573 tuliss'ent
1037 524 1298 590 suppetias)
1323 524 1577 589 process'u-

172 608 309 638 rum:
362 610 387 637 a
440 592 627 656 reliquo
682 595 899 658 equitatu
951 593 1221 652 desertum,
1264 593 1579 640 multitudine

172 657 336 706 hostili
355 676 581 724 urgente,
612 661 732 710 ficut
753 664 890 711 ruina
911 665 1095 728 aggeris
1115 663 1275 727 magni
1303 662 1582 728 oppressum

174 740 320 791 atque
350 728 592 778 deiectum
634 732 722 779 est:
778 733 1010 780 steterunt
1045 732 1327 796 improtecti
1374 731 1581 797 pedites,

171 795 239 842 ita
264 800 615 846 concatervatis
635 801 920 865 manipulis,
952 814 1004 847 ut
1027 801 1104 847 vix
1123 819 1412 849 mueronem
1444 799 1584 847 exse-

173 882 304 925 rere,
352 882 434 913 aut
466 886 634 915 manus
665 868 898 915 reducere
927 870 1186 933 quisquam
1217 869 1385 932 polI'ct·
1477 868 1584 916 Nec

174 932 269 978 iam
296 934 493 980 obiectu
515 935 727 998 pulveris
759 937 947 983 caelum
979 950 1141 1000 patere
1172 938 1332 1000 potuit
1364 936 1427 985 ad
1460 955 1586 1001 pro-

172 998 418 1062 spectum,
479 1004 774 1058 clamoribus
832 1003 1064 1052 resultans
1118 1004 1379 1052 horrificis.
1475 1006 1587 1062 Qua

175 1068 316 1116 causa
337 1071 430 1117 tela
449 1072 668 1136 undique
689 1087 897 1120 mortem
926 1073 1164 1121 vibrantia
1180 1111 1192 1134 ,
1235 1074 1466 1122 destinata
1497 1093 1586 1121 ca·-

178 1135 359 1186 debant
381 1155 428 1187 et
452 1142 619 1201 noxia,
652 1141 788 1206 quod
811 1161 898 1190 nec
932 1141 1203 1206 praevideri
1239 1157 1463 1206 poterant
1496 1161 1587 1191 nec

136 1207 349 1256 Scaveri.
419 1210 607 1257 Verum
629 1211 715 1258 ubi
744 1211 872 1260 effufi
896 1210 1140 1258 immenlis
1163 1212 1436 1273 agminibus
1467 1213 1588 1258 bar-

177 1275 285 1325 bari
306 1277 520 1326 iumenta
544 1281 863 1329 conterebant
885 1294 932 1327 et
953 1281 1110 1339 viros,
1149 1294 1197 1327 et
1218 1298 1376 1344 neque
1403 1279 1463 1328 ad
1503 1298 1590 1328 re—

177 1359 378 1408 ceptum
416 1348 649 1395 confertis
677 1349 934 1397 ordinibus
960 1349 1112 1397 laxari
1151 1367 1360 1412 usquam
1399 1356 1598 1413 poterat

178 1412 346 1471 locus,
377 1430 425 1463 et
447 1416 686 1464 evadendi
708 1420 900 1481 copiam
932 1418 1220 1483 constipatio
1248 1417 1440 1467 denlior
1475 1417 1592 1465 adi-

179 1484 368 1534 mebam
419 1485 568 1533 nostri
605 1504 803 1552 quoque
842 1487 1019 1536 ultimo
1055 1487 1267 1535 cadendi
1305 1501 1594 1551 contemptu

184 1551 491 1601 occursantes
517 1556 728 1620 receptis
742 1555 913 1619 gladiis
944 1557 1312 1617 obtruncabant,
1345 1570 1392 1604 et
1412 1556 1593 1604 mutuis

181 1617 424 1687 securium
444 1623 622 1670 ictibus
644 1625 805 1688 galeae
841 1625 1263 1691 perfringebantur
1290 1638 1436 1689 atque
1465 1625 1596 1672 lori·-

142 1692 284 1748 4cae.
366 1690 650 1759 Videreque
681 1693 859 1741 licebat
888 1692 1069 1741 celsum
1097 1694 1281 1742 ferocia
1315 1694 1593 1756 barbarum,

188 1759 321 1819 genis
345 1760 552 1810 stridore
573 1762 871 1823 constrictis,
901 1762 1085 1813 succiso
1105 1762 1292 1827 poplite
1315 1776 1397 1809 aut
1412 1761 1593 1810 abscisa

182 1827 315 1874 ferro
343 1828 562 1892 dextera,
595 1832 674 1879 vel
694 1831 913 1880 confoss'o
946 1832 1125 1893 latere,
1166 1832 1293 1879 inter
1321 1831 1422 1895 ipsa
1460 1849 1597 1897 quo-

185 1913 281 1958 que
306 1898 477 1943 mortis
499 1899 713 1950 confinia
735 1901 989 1963 minaciter
1010 1901 1435 1949 circumferentem
1467 1919 1595 1948 ocu-

183 1963 258 2010 los
278 1977 463 2014 truces:
495 1967 732 2031 ruinaque
763 1969 1132 2031 confligentium
1160 1983 1326 2018 mutua
1355 1987 1409 2015 ac
1437 1968 1594 2017 humo

185 2033 479 2099 corporibus
508 2034 687 2094 stratis,
729 2036 891 2100 campi
932 2037 1197 2101 peremptis
1231 2036 1422 2100 impleti
1458 2035 1594 2087 sunt:

187 2114 235 2149 et
254 2101 568 2149 morientium
626 2103 831 2166 gemitus
891 2103 1248 2169 profundisque
1314 2106 1595 2155 vulneribus

145 2171 532 2221 5transfixorum
557 2189 669 2217 cum
698 2172 875 2219 timore
907 2172 1230 2222 audiebantur
1258 2172 1461 2237 ingenti.
1536 2176 1595 2222 In

188 2238 286 2289 lioc
310 2252 444 2286 tanto
466 2253 664 2303 tamque
682 2239 909 2289 confusae
931 2242 1002 2289 rei
1036 2242 1250 2288 tumultu
1277 2242 1490 2289 exhausti
1520 2244 1597 2291 la·-

187 2308 309 2355 hore
332 2321 380 2355 et
398 2307 628 2372 periculis
659 2308 870 2374 pedites,
902 2328 1016 2358 cum
1038 2309 1267 2374 deinceps
1289 2329 1448 2375 neque
1469 2312 1595 2360 vires

186 2376 312 2437 illis,
345 2394 504 2439 neque
524 2392 709 2426 mentes
726 2376 1036 2444 suppeterent
1070 2377 1132 2425 ad
1161 2378 1441 2441 confilium,
1488 2381 1596 2427 dif-

186 2444 352 2493 fractis
370 2445 617 2494 'hastarum
639 2447 883 2513 plerisque
903 2448 1153 2495 collifione
1175 2446 1390 2509 adfidua,
1422 2448 1595 2512 gladiis

188 2515 410 2561 contenti
434 2513 670 2564 destrictis
691 2517 742 2564 in
761 2517 1001 2565 confertas
1018 2516 1230 2564 hostium
1251 2530 1431 2563 turmas
1456 2535 1596 2565 mer-

190 2583 367 2646 gebant
423 2581 495 2645 se,
548 2583 708 2634 salutis
755 2587 1095 2649 immemores,
1140 2584 1594 2650 circumspectantes

236 2744 279 2791 2)
306 2743 376 2781 ΜΓ.
407 2744 659 2782 hactainlame.
