1727 3144
222 133 319 174 414
462 141 726 174 Animum
763 140 1156 174 mancatum
1188 143 1327 189 xxvt,
1368 131 1415 175 6.

221 253 351 301 ciato
372 252 479 317 pari
509 250 753 317 potestatis
787 252 893 300 iure
928 250 1238 318 Sebastiano,
1277 253 1328 301 in
1359 251 1640 319 Mesopota-

221 323 320 370 mia
346 340 460 369 cum
488 341 636 370 manu
663 321 877 368 militum
910 320 1169 385 reliquerat
1203 323 1391 371 valida:
1442 324 1640 372 manda-

222 406 419 456 ratque,
459 405 515 438 ut
546 390 806 438 susurravit
841 387 1096 438 obscurior
1137 391 1266 439 fama
1295 394 1463 458 (nemo
1508 394 1640 441 cuim

223 459 343 508 dicti
375 475 542 507 auctm
575 459 751 507 exstitit
789 461 951 537 verus)
990 477 1080 522 pro
1121 461 1434 525 cognitorum
1477 474 1642 525 ageret

222 544 382 591 textu,
415 544 461 577 et
484 528 519 575 fi
541 527 751 576 sublidia
776 529 847 576 rei
874 528 1120 576 Romanae
1149 529 1380 593 languiffc
1415 528 1640 593 senfiffet,

223 597 704 663 Imperatoremiple
746 595 794 645 se
840 596 1121 662 provideret
1173 599 1308 646 ocius
1346 599 1640 663 nuncupari.

177 670 207 715 3
227 667 359 724 Qui
348 668 565 715 miuncta
584 666 794 714 civiliter
821 685 964 730 agens
993 679 1041 714 et
1069 681 1237 730 caute,
1281 667 1461 716 Iuliani
1487 667 1642 716 letali·

222 750 295 785 ter
317 737 556 784 vulnerati
577 737 750 795 sunm,
788 749 836 783 et
863 735 927 781 ad
957 735 1169 799 regenda
1197 738 1480 784 communia
1509 754 1643 784 com-

218 807 348 870 perit
369 806 627 852 Iovianum
654 817 902 852 evectum:
942 804 1162 869 falsoque
1190 823 1384 853 rumore
1405 805 1640 869 disperso,

220 875 348 922 inter
381 875 603 921 abeuntis
633 873 875 920 anhelitus
907 877 1096 920 animae
1127 872 1354 921 eumdem
1391 873 1640 921 Iulianum

219 945 262 1008 ²)
293 960 410 991 vero
453 941 725 1001 mandalI‘e,
783 941 977 1003 placere
1017 941 1132 1002 libi,
1180 942 1429 1007 Procopio
1475 943 1641 990 clavos

218 1011 435 1060 summae
458 1011 527 1056 rei
549 1008 1080 1072 gerendaocommitti:
1119 1010 1327 1071 veritus,
1363 1028 1424 1058 ne
1454 1010 1547 1058 hac
1582 1029 1639 1060 ex

221 1079 361 1128 causa
386 1077 696 1126 indemnatus
723 1075 1048 1138 occideretur,
1079 1094 1104 1125 e
1125 1076 1291 1126 medio
1309 1079 1356 1126 le
1375 1078 1642 1144 conspectu

224 1148 480 1207 discrevit,
521 1147 730 1193 maxime
755 1145 863 1209 post
882 1145 1071 1193 Ioviani
1088 1147 1284 1194 te11itus
1305 1165 1476 1195 necem
1506 1163 1640 1197 nota·
1667 1206 1673 1211 Ι

223 1218 411 1265 riorum
455 1215 678 1263 omnium
724 1214 898 1278 Ριίῐῐιι,
962 1233 1110 1280 quem
1151 1215 1343 1264 Iuliano
1383 1232 1640 1282 perempto

221 1286 374 1334 veluti
397 1284 634 1349 dignum
624 1283 834 1349 imperio
854 1285 1025 1348 paucis
1044 1284 1283 1332 militibus
1315 1285 1639 1348 nominatum,

223 1373 449 1419 novaque
452 1320 654 1402 &exinde
691 1367 921 1418 coeptaie
961 1351 1259 1418 suspectum,
1311 1354 1642 1403 cruciabiliter

177 1424 205 1479 4
227 1424 499 1472 didicerat
487 1424 815 1471 inteifectum.
886 1422 950 1470 Et
979 1424 1094 1488 quia
1124 1421 1172 1472 se
1204 1424 1373 1488 quaeri
1406 1421 1640 1472 industria

225 1494 467 1542 didicerat
495 1511 693 1557 magna,
732 1491 888 1539 vitans
919 1493 1154 1556 gravioris
1179 1491 1392 1542 invidiae
1426 1491 1640 1558 pondus,

224 1563 287 1610 ad
317 1563 484 1610 abdita
517 1562 809 1626 longiusque
840 1575 1027 1609 remota
1057 1561 1282 1610 disceffit.
1363 1563 1586 1627 Cumque
1611 1581 1639 1609 a

222 1634 430 1680 Ioviano
453 1631 749 1695 exploratius
772 1629 993 1695 indagari
1015 1631 1217 1678 latibula
1235 1630 1316 1677 sua
1333 1629 1554 1691 sentiret,
1590 1645 1638 1678 et

222 1702 406 1748 :ferinae
436 1701 562 1748 vitae
591 1699 875 1746 ianrfuiss'et
906 1699 1205 1769 pertaesum:
1251 1700 1464 1765 (quippe
1491 1718 1516 1746 a
1544 1699 1641 1748 cel·

223 1769 347 1818 fioie
376 1770 500 1816 statu
530 1769 747 1817 deiectus
777 1767 839 1815 ad
868 1768 1131 1831 infeliora‚
1168 1769 1314 1817 etiam
1332 1767 1512 1817 edendi
1533 1785 1640 1834 pae-

223 1838 364 1885 nuria
386 1838 436 1883 iu
459 1838 581 1884 locis
603 1836 934 1901 squalentibus
966 1838 1316 1904 stringebatur,
1358 1837 1636 1884 hominum-

222 1925 317 1972 que
340 1906 512 1970 egebat
533 1906 813 1969 colloquiis)
831 1907 1098 1969 postremae
1120 1906 1406 1954 ncceffitatis
1425 1903 1638 1969 impulsu

225 1975 378 2022 deviis
399 1973 657 2020 itineribus
689 1973 750 2018 ad
778 1975 812 2037 ³)
837 1974 1181 2022 Chalcedonos
1205 1992 1374 2037 agrum
1398 1974 1632 2037 pervenit.

177 2046 206 2092 5
230 2044 350 2104 Ubi,
392 2045 433 2108 4)
457 2041 690 2106 quoniam
721 2055 768 2088 ct
798 2040 922 2087 illud
953 2043 1140 2089 firmius
1160 2041 1314 2090 visum
1336 2042 1403 2089 elt
1422 2056 1636 2106 recepta-

224 2114 416 2173 culum,
472 2110 605 2175 apud
650 2109 929 2157 fidissimum
975 2111 1245 2159 amicorum
1303 2109 1633 2172 delitelcebat,

223 2181 521 2244 Strategium
540 2177 802 2244 quemdam
828 2195 884 2225 ex
913 2180 1127 2243 palatino
1156 2179 1311 2226 milite
1341 2178 1633 2240 senatorem,

227 2248 727 2312 Constantinopolim,
759 2262 996 2311 quantum
1030 2248 1137 2295 lieni
1169 2262 1360 2312 poterat
1388 2248 1632 2309 clanculo,

223 2318 396 2397 saepe
384 2332 702 2366 intermeans:
744 2330 798 2363 ut
828 2315 1013 2364 indicio
1043 2316 1258 2365 eiusdem
1294 2316 1522 2379 Strategii
1551 2335 1633 2380 pa-

225 2390 345 2449 tuit,
379 2387 635 2453 postquam
665 2384 892 2449 saepius
882 2404 931 2432 m
960 2387 1184 2434 factionis
1211 2384 1432 2433 conicios
1466 2383 1572 2431 elt
1561 2403 1632 2431 m-

179 2425 472 2524 6quilitum.
553 2455 667 2502 Ritu
700 2454 862 2519 itaque
894 2453 1199 2503 solleitillimi
1233 2452 1486 2502 cuiusdam
1529 2451 1633 2517 spe-

226 2526 481 2587 culatoris‚
511 2525 579 2590 ⁵)
568 2539 762 2590 ignotus
783 2523 847 2571 ob
867 2522 1143 2589 squalorem
1163 2524 1322 2573 vultus
1347 2535 1394 2570 et
1421 2522 1630 2570 maciem

269 2719 305 2755 2)
333 2714 375 2749 τό
400 2726 492 2747 vero
519 2714 555 2745 in
585 2712 662 2746 aliis
691 2710 792 2745 libris
823 2709 886 2744 det
882 2708 929 2745 st
982 2711 1018 2752 Ξῖ)
1048 2704 1625 2757 al.Chalced0nium.41Ms.

222 2760 392 2807 quoniam
419 2770 452 2793 et
475 2757 577 2792 i.llud
632 2762 668 2803 5)
692 2759 743 2792 al.
773 2758 782 2791 i
788 2768 915 2803 gnotus
947 2756 1043 2790 vultu
1074 2756 1120 2791 ob
1148 2753 1346 2803 squalorem
1376 2764 1411 2788 et
1432 2760 1512 2785 mea
1516 2752 1597 2784 iem.
