1727 3144
244 166 390 221 xxssvt
492 189 807 223 HADRIANI.
842 189 1102 221 VALESH
1145 190 1503 222 PRAEFATIO

244 314 295 347 ut
319 299 608 365 (quantum
595 318 648 346 111
666 299 777 364 ipfis
800 301 921 364 erat)
942 300 1068 347 salva
1091 299 1153 347 ad
1171 300 1394 377 postmos
1425 299 1528 348 eius
1557 297 1648 345 Hi-

246 369 386 416 storia
412 368 698 433 perveniret.
770 369 1116 433 Intelligebant
1135 369 1367 415 nimirum
1383 369 1646 416 utilitatem

245 438 452 502 Opeiis,
493 455 592 502 quo
624 436 836 501 plurima
865 439 1101 485 memoria
1130 435 1399 501 dignissima
1430 437 1650 488 contine-

246 521 439 567 rentur,
484 523 608 571 quae
641 507 702 552 ab
728 506 834 553 aliis
862 506 1039 570 partim
1068 505 1344 554 transcursu
1372 505 1528 567 dicta,
1563 518 1647 552 aut

246 575 294 621 in
317 589 474 622 artum
493 589 758 637 contracta,
794 576 970 639 partim
993 575 1138 624 etiam
1161 592 1218 622 ex
1238 589 1341 638 toto
1365 573 1532 628 omiffa
1554 572 1647 621 effe

245 644 507 692 constabat.
606 643 719 691 Post
763 643 1010 692 inventam
1076 658 1228 692 artem
1278 643 1647 709 impress'oriam,

246 713 448 760 eruditis
471 713 676 776 ingeniis
699 731 800 760 non
824 714 985 760 minor
1002 714 1096 761 fuit
1117 732 1232 760 cura
1259 713 1500 760 librorum
1531 712 1650 759 Ani-

244 782 411 829 miani.
493 782 550 828 In
580 781 741 844 Italia,
785 782 836 828 in
867 783 1024 834 Gallia
1052 796 1198 848 atque
1227 781 1490 829 Germania
1513 779 1648 827 docti

247 850 461 914 clarique
495 850 664 903 Critici
695 865 839 916 atque
879 851 1227 917 Typographi,
1283 868 1377 914 ope
1417 849 1650 898 codicum

247 919 561 982 antiquonum
582 920 760 980 adiuti,
797 939 887 985 pro
908 920 955 967 le
975 922 1184 985 quisque
1206 920 1522 966 Ammianum
1548 936 1654 982 pu—

246 987 517 1048 blicaveie,
561 989 679 1034 dum
710 990 792 1035 alii
821 990 940 1037 alios
956 990 1247 1055 sagacitate,
1289 987 1475 1045 iudicio
1495 1005 1550 1034 ac
1569 987 1652 1033 la·-

248 1056 370 1103 bore
391 1056 616 1121 supeiare
638 1057 970 1106 contendunt:
1018 1076 1108 1106 nec
1138 1059 1294 1104 ullum
1324 1057 1472 1104 alium
1506 1054 1651 1103 Scriss

251 1138 446 1189 ptorem
458 1126 601 1173 toties
623 1127 750 1191 typis
763 1126 1045 1174 mandatum
1056 1126 1273 1174 memini.
1347 1126 1504 1189 Igitur
1522 1141 1651 1172 anno

250 1211 302 1240 M.
335 1211 461 1240 cecc.
492 1211 652 1241 LXXIV.
686 1196 895 1256 Romae,
944 1196 1031 1242 ubi
1052 1210 1163 1242 nata
1187 1209 1233 1242 et
1254 1193 1522 1258 compofita
1552 1194 1653 1240 fue-

247 1275 344 1322 rat,
380 1263 592 1325 primum
613 1263 743 1310 edita
765 1264 831 1311 est
854 1265 1103 1311 Ammiani
1124 1264 1398 1311 Marcellini
1423 1262 1654 1322 Historia,
1695 1319 1707 1322 -

247 1329 407 1378 studio
439 1330 501 1376 A.
528 1331 701 1377 Sabini
731 1332 912 1379 Poetae
942 1333 1159 1378 laureati.
1242 1333 1421 1378 Secuta
1451 1330 1517 1378 est
1561 1330 1656 1392 Ro-

248 1418 444 1446 manam
463 1398 714 1463 aliquanto
732 1399 839 1462 post
870 1398 1022 1446 editio
1053 1398 1374 1446 Bononiensis
1408 1399 1458 1445 in
1488 1399 1655 1450 Aemi-

249 1468 340 1529 lia,
371 1485 484 1515 mox
509 1466 777 1514 Bafilienlis
809 1468 1043 1514 Iohannis
1070 1468 1329 1529 FrobeniL3
1370 1482 1475 1514 tum
1507 1467 1653 1516 unius

249 1535 568 1600 eiusdemque
604 1535 717 1581 anni
749 1535 900 1592 duae,
942 1536 1090 1582 altera
1121 1536 1410 1599 'Mariangeli
1431 1536 1654 1584 Accnrlii

247 1603 492 1667 Augustae
511 1601 910 1664 Vindelicorum,
947 1622 990 1652 v.
1013 1604 1151 1650 libris
1172 1605 1415 1652 Ammiani
1436 1605 1655 1666 auctior·,

249 1674 398 1720 altera
451 1671 741 1736 Hieronymi
783 1672 1018 1719 Frobenii
1062 1672 1297 1720 Iohannis
1330 1674 1419 1720 filii
1449 1672 1654 1722 Basiliae

247 1743 614 1805 Sequanorum,
662 1755 861 1788 curante
892 1740 1208 1804 Sigismundo
1241 1742 1478 1789 Gelenio:
1524 1761 1652 1791 anuo

249 1828 356 1857 xm.
394 1809 499 1874 post
530 1810 708 1856 iterum
740 1810 829 1856 alia
864 1809 1097 1857 Frobenii
1124 1810 1349 1870 Bafiliac,
1388 1829 1488 1858 uno
1520 1811 1652 1859 libro

249 1878 570 1942 locupletior:
606 1878 809 1925 Roberti
831 1878 1094 1942 Stephani,
1125 1878 1302 1926 deinde
1328 1879 1526 1927 Henrici
1549 1880 1654 1928 Ste-

249 1947 403 2011 phani
450 1946 688 1993 editiones
734 1947 963 1995 Luteciae
1009 1946 1326 2009 Parisiorum,
1384 1948 1654 1996 sebastiani

251 2015 462 2081 Gryphii
492 2015 721 2078 Lugduni
750 2015 1149 2080 Segufianorum,
1194 2017 1310 2063 alibi
1342 2017 1487 2078 aliae,
1531 2036 1650 2082 quas

250 2083 456 2147 lingulas
481 2103 534 2130 ac
553 2084 796 2131 universas
818 2103 1099 2132 enumcrare
1122 2085 1317 2133 difficile
1340 2085 1396 2133 fit
1417 2104 1471 2133 ac
1489 2084 1653 2150 super-

249 2170 528 2200 vacaneum.
599 2153 660 2199 Et
679 2154 748 2199 illi
768 2154 968 2218 quidem
991 2153 1216 2201 Editores
1230 2154 1289 2200 ad
1310 2173 1462 2201 unum
1482 2171 1651 2203 omnes

247 2221 591 2268 tantummodo
622 2237 931 2284 curaverant,
968 2237 1023 2269 ut
1055 2223 1372 2269 Annnianum
1411 2223 1656 2272 Marcelli-

248 2290 772 2338 nuni'emendatiorem
797 2305 843 2338 et
864 2292 1130 2339 auctiorem
1165 2292 1469 2339 haberemus.
1546 2291 1652 2339 Pri-

247 2378 355 2405 mus
389 2359 664 2405 Fridericus
692 2359 1086 2424 Lindenhrogius
1116 2359 1572 2424 Hammaburgenfis
1604 2361 1647 2407 I.

250 2429 304 2474 C.
327 2429 403 2474 vir
424 2426 639 2475 eruditus
664 2442 709 2475 et
732 2427 960 2491 diligens,
985 2429 1130 2493 ,quod
1152 2447 1295 2476 nemo
1329 2443 1466 2476 antea
1496 2442 1649 2476 tenta-

248 2511 403 2555 verat,
441 2497 600 2543 faeere
630 2496 866 2560 aggrcffiis
896 2499 988 2557 elif„
1037 2515 1126 2544 nec
1165 2511 1421 2545 contentus
1464 2498 1645 2546 auxilio
1704 2536 1705 2539 η

246 2564 432 2611 codicis
467 2566 736 2613 Florentiui
773 2565 933 2630 aiiqua
974 2567 1025 2612 in
1062 2567 1325 2612 Ammiano
1363 2565 1642 2625 correxiss'e,

250 2649 377 2678 anno
410 2651 457 2679 11.
490 2652 567 2681 nc.
602 2652 663 2680 lx.
700 2635 968 2680 Auctorem
1000 2635 1249 2682 intellectu
1281 2652 1515 2698 perquam
1550 2634 1642 2680 dif-

244 2701 425 2747 ficilem
456 2703 702 2767 perpetuis
736 2702 1153 2751 observationibus
1192 2701 1436 2765 exposuit:
1487 2702 1640 2749 varias

247 2770 393 2816 etiam
443 2771 628 2820 codicis
677 2772 948 2820 Florentini
997 2791 1051 2820 ac
1105 2772 1325 2837 priorum
1365 2770 1638 2820 editionum

1458 2936 1470 2953 Ι

1725 2306 1727 2362 1

1726 2363 1727 2422 i
