1727 3144
164 181 426 221 VALENT.
475 181 602 212 VAL.
648 183 720 212 ET
767 182 1063 214 cRATtAN.
1138 171 1252 231 574.
1396 177 1488 232 547

74 290 302 338 crebros:
337 291 421 354 qui
441 291 567 338 inter
593 288 942 338 sollicitudines
971 291 1188 339 iudicum
1224 313 1306 358 per
1338 300 1488 347 multa

73 359 305 406 distentas
338 360 640 406 inresolubili
665 379 790 408 nexu
817 361 1080 408 vincientes
1106 365 1321 426 negotia7
1354 367 1486 412 labo-

71 442 204 488 rant,
235 442 289 473 ut
317 428 474 475 omnis
504 429 641 492 quies
674 430 842 477 litibus
870 429 1173 495 implicetur,
1215 446 1258 478 et
1292 436 1484 482 nodofis

71 497 429 560 quaestionibus
462 497 522 545 de
556 498 788 545 industria
828 497 1009 546 iudicia
1051 500 1481 550 circumscribunt:

70 584 213 630 quae
218 584 329 612 cum
352 581 481 615 recte
510 568 807 630 procedunt,
846 567 1046 615 delub1a
1072 569 1180 615 lunt
1201 571 1479 635 aequitatis:

68 653 180 680 cum
204 635 556 699 depravantur,
588 638 758 683 foveae
783 637 976 683 fallaces
1000 651 1046 684 et
1066 655 1257 684 caecae:
1289 641 1336 685 in
1360 659 1478 703 quas

65 702 101 749 fi
120 718 285 767 captus
308 704 542 751 ceciderit
563 705 845 768 quisquam,
879 722 977 750 non
1003 705 1089 751 nili
1116 724 1204 768 per
1229 711 1379 755 multa
1403 728 1478 756 ex-

65 770 188 819 filiet
207 774 378 832 lusti-‚a
417 773 632 834 adusque
653 772 778 834 ipsas
800 772 1035 819 medullas
1072 773 1304 822 exsuctus

169 841 411 915 Quartum
433 855 576 902 atque
601 839 893 903 postremum
922 841 986 887 eft
1018 859 1166 901 genus
1198 843 1473 908 impudens,
1494 850 1542 903 εξ

60 909 314 971 pelvicax‚
349 919 395 954 et
413 908 698 965 indoctum,
736 926 929 969 eorum⁷
965 911 1045 974 qui
1070 929 1181 956 cnm
1215 912 1473 962 immature

62 976 352 1024 elitteraiiis
388 978 639 1040 eruperint
669 944 824 1037 sudis,
868 996 956 1042 per
986 981 1187 1039 anfrnlos
1221 981 1473 1030 civitatum

61 1045 365 1105 discununt‚
430 1046 739 1092 mimiambos
792 1065 890 1092 non
942 1040 1189 1094 canlssnum
1245 1050 1472 1099 remediis

60 1132 274 1178 congrua
314 1127 720 1171 commentantes,
768 1115 899 1163 fores
944 1115 1148 1162 divitum
1187 1117 1470 1182 deterendo,

57 1201 321 1230 coenarum
353 1184 677 1247 ciborumque
711 1198 1002 1248 aucupantes
1035 1185 1231 1232 delicias
1269 1188 1470 1252 exquili-

57 1266 145 1299 tas.
221 1253 453 1309 Quicum
487 1253 633 1298 semel
664 1254 947 1300 umbraticis
983 1255 1154 1313 lucris,
1200 1269 1246 1301 et
1280 1256 1539 1313 inhian-rS

61 1320 149 1368 dae
203 1321 428 1386 undique·
476 1322 711 1398 pecuniae
769 1320 865 1368 sese
907 1321 1213 1382 dediderint,
1276 1325 1466 1388 litigare

54 1391 226 1437 fthliia
248 1391 524 1455 quoslibet
513 1404 796 1437 mnocentes
821 1391 1104 1438 hortantur:
1143 1406 1188 1438 et
1209 1393 1270 1438 ad
1301 1393 1410 1440 defo
1401 1414 1467 1441 n-

59 1458 269 1506 dendarn
295 1459 485 1506 caulam
506 1457 720 1518 admissi,
762 1460 896 1535 quod
930 1478 1036 1507 iaro
1066 1461 1330 1525 contingit
1369 1462 1466 1510 sus-

55 1530 185 1592 cepti
223 1546 402 1576 nomen
439 1543 485 1576 et
514 1528 609 1575 vim
648 1531 830 1592 negotii
864 1529 950 1575 lub
994 1548 1076 1577 ore
1125 1528 1465 1593 disceptatoris

53 1597 181 1644 inter
212 1597 342 1661 ipsos
375 1598 692 1645 conflictuum
735 1597 963 1645 articulos
1000 1598 1323 1659 instruuntur,
1375 1601 1466 1647 cir-

55 1667 543 1731 cumloquutionibus
564 1665 809 1729 indigestis
831 1668 893 1713 ita
926 1666 1159 1714 scatentes
1178 1704 1187 1721 ‚
1225 1682 1278 1713 ut
1312 1670 1465 1715 collu-

54 1737 213 1782 vionis
239 1737 537 1783 taeterrimae
555 1736 723 1783 audire
747 1737 981 1783 existimes
1002 1737 1226 1783 ululabili
1249 1738 1462 1784 clamore

55 1804 329 1853 Therfiten.
354 1801 357 1804 ‚
405 1807 529 1853 Cum
556 1820 716 1852 autem
751 1810 811 1851 ad
840 1806 1053 1869 inopiam
1087 1805 1459 1852 muniendarum
1482 1806 1531 1849 16

53 1875 276 1921 venerint
329 1875 704 1938 allegationum,
766 1875 827 1920 ad
866 1875 1145 1922 effrenatam
1195 1874 1462 1925 deflectunt

52 1942 361 1990 conviciandi
380 1945 653 1991 licentiam:
687 1961 786 2007 qno
813 1944 1035 2003 nomine,
1082 1945 1146 1989 ob
1181 1941 1375 1989 adfidua
1409 1943 1460 1989 in

50 2011 279 2077 personas
301 2012 614 2063 honorabiles
634 2014 831 2075 probra,
861 2014 900 2076 ⁷)
922 2011 1092 2058 diebus
1113 2011 1255 2058 dictis
1275 2012 1459 2074 aliquo-

52 2083 143 2128 ties
168 2079 274 2127 sunt
302 2079 542 2127 damnati:
576 2099 600 2128 e
627 2080 803 2145 quibus
828 2081 894 2126 ita
919 2080 1026 2126 l'unt
1049 2081 1189 2127 rudes
1217 2080 1455 2138 nonnulli,

53 2165 109 2197 ut
129 2167 393 2213 numquam
413 2149 459 2196 se
480 2148 675 2196 codices
695 2149 911 2196 habuiss'e
933 2148 1257 2212 meminerint.
1328 2147 1388 2193 Et
1422 2148 1456 2193 li
1478 2155 1524 2199 ¹7

53 2219 105 2267 in
138 2218 324 2265 circulo
357 2217 616 2264 doctorum
652 2219 861 2266 auctoris
896 2218 1067 2266 veteris
1106 2215 1333 2263 inciderit
1373 2234 1456 2262 no-

54 2305 197 2348 men,
236 2286 380 2351 piscis
414 2300 496 2333 aut
527 2286 677 2333 edulii
714 2287 1019 2351 peregrinum
1051 2284 1139 2333 else
1166 2285 1456 2331 vocabulum

56 2357 373 2404 arbitrantur:
405 2355 441 2402 fi
463 2373 576 2403 vero
596 2355 778 2403 advena
802 2357 1057 2420 quisquam
1074 2352 1348 2400 inulitatum
1369 2353 1458 2398 libi

56 2440 195 2473 antea
228 2425 524 2472 Marcianum
559 2426 709 2472 verbo
738 2439 877 2472 tenus
909 2424 1158 2489 quaelierit
1197 2435 1456 2482 oratorem,

56 2512 227 2542 omnes
269 2494 521 2542 confestim
571 2494 842 2552 Marcianos
886 2493 1117 2557 adpellari
1161 2490 1204 2538 se
1251 2493 1456 2553 fingunt.

58 2563 164 2611 Nec
195 2564 292 2611 iam
321 2565 391 2610 fas
416 2563 572 2611 ullum
604 2581 718 2627 prae
759 2564 912 2610 oculis
952 2564 1159 2611 habent:
1218 2558 1302 2606 sed
1342 2570 1527 2610 tam-18

721 2632 774 2679 M
796 2651 846 2679 m
880 2649 904 2677 2

107 2797 142 2841 7)
168 2794 235 2831 ΜΓ.
266 2795 393 2834 dicbus
420 2800 562 2835 diociis.
