1727 3144
521 46 530 65 Χ

535 179 554 210 1
575 178 655 208 Uri.
679 179 697 209 1
723 178 754 210 A
781 178 814 208 N
832 177 865 208 U
890 178 929 207 s·
1001 163 1117 209 565.
1422 168 1521 228 549

108 288 256 356 quod
289 308 315 337 a
350 286 696 354 septemtrione
727 287 804 351 id,
851 286 988 354 quod
1018 288 1307 335 rotunditati
1340 289 1519 353 deerat,

114 359 168 406 in
220 358 482 425 Euphratis
527 360 707 406 fluenta
743 357 989 422 proiectae
1023 371 1185 405 cautes
1231 358 1519 406 eminentius

115 429 403 476 tuebantur:
451 428 502 474 in
554 446 648 492 qua
700 427 1000 475 excellebant
1044 427 1204 474 minae
1248 444 1517 488 murorum,

113 496 356 546 bitumine
377 511 423 546 et
445 496 704 544 coctilibus
723 495 967 543 laterculis
996 495 1289 557 fabricatae,
1323 512 1427 559 quo*
1444 514 1518 543 ae*

116 565 268 613 dificii
291 583 465 631 genere
485 565 609 612 nihil
640 565 731 613 ell'e
758 565 908 624 tutius
939 565 1138 612 constat.
1202 594 1207 605 »
1218 565 1421 628 Iamque
1452 566 1517 611 fe·
1536 574 1587 618 13

113 635 279 682 rocior
309 636 448 683 miles
484 633 679 697 pervasa
710 635 857 694 urbe,
897 652 1043 698 quam
1081 633 1269 681 viderat
1301 651 1519 694 vacuam,

112 701 340 751 adversus
360 702 633 768 oppidanos
655 702 716 748 ab
738 700 847 749 arce
868 702 1160 749 multimoda
1192 702 1287 749 tela
1316 701 1523 749 lunden-

116 785 184 819 tes
214 773 315 818 acri
342 769 656 818 contentione
688 769 950 833 pugnabat.
1035 772 1159 818 Cum
1203 771 1335 818 enim
1365 770 1518 817 iidem

109 839 442 904 plohibitoies
466 838 722 902 catapultis
751 837 1026 886 nostrorum
1056 853 1344 903 urgerentur
1375 854 1519 904 atque

110 908 335 956 ballistis:
367 907 456 973 ipfi
478 924 676 972 quoque
697 924 757 954 ex
782 905 916 954 edito
941 926 1078 955 ancus
1101 909 1351 972 erigebant
1381 909 1520 955 foiti-

103 988 184 1024 ¹ter
202 976 387 1026 tensos:
425 976 605 1042 quibus
625 975 785 1041 panda
805 976 1052 1040 utrimque
1071 945 1311 1040 surgentia
1332 994 1517 1025 coinua

108 1045 176 1092 ita
194 1047 372 1094 lentius
392 1046 741 1106 flectebantui,
771 1058 835 1091 ut
846 1045 985 1092 nervi
1008 1045 1275 1109 digitorum
1298 1046 1392 1094 acti
1412 1047 1519 1111 pul-

108 1113 239 1163 fibus
270 1116 496 1163 violentis
524 1113 784 1161 arundines
812 1115 1010 1160 ferratas
1046 1115 1346 1176 emittere-nt,
1392 1133 1517 1179 quae

109 1185 404 1249 corporibus
448 1182 606 1231 'illisae
664 1182 920 1230 contrariis
970 1184 1174 1231 letaliter
1221 1184 1511 1248 figebantur.

106 1252 450 1300 Dimicabatur
482 1251 805 1299 nihilominus
847 1253 1112 1315 utrobique
1152 1250 1368 1300 saxorum
1418 1255 1586 1310 ina-14

106 1322 328 1368 nualium
357 1321 564 1367 nimbis:
616 1333 664 1367 et
706 1321 933 1367 neutrobi
971 1321 1204 1368 inclinato
1246 1337 1514 1383 momento,

106 1391 354 1455 proelium
376 1404 514 1437 atrox
531 1407 556 1435 a
581 1389 703 1436 lucis
726 1403 836 1436 ortu
866 1388 926 1435 ad
960 1389 1155 1436 initium
1189 1392 1344 1437 noctis
1378 1390 1517 1437 desti-

107 1459 308 1506 natione
341 1477 514 1523 magna
545 1471 873 1522 protractum,
914 1460 1013 1522 pari
1052 1458 1178 1506 lette
1216 1459 1516 1524 diremptum

109 1528 191 1575 est.
262 1527 480 1574 Proinde
499 1526 578 1575 die
600 1526 801 1590 sequuto
822 1544 934 1572 cuni
952 1542 1215 1575 certaietut
1236 1528 1513 1591 alpert-ime,

107 1597 350 1662 multique
370 1595 689 1644 funderentur
715 1593 1020 1656 altrinsecus,
1053 1610 1101 1642 et
1120 1598 1161 1660 ⁹)
1187 1611 1366 1661 aequae
1387 1598 1513 1644 vires

109 1665 236 1729 gesta
263 1666 524 1713 librat-:ent
566 1664 842 1728 Imperator
875 1681 1044 1711 omnes
1073 1664 1204 1711 aleae
1235 1665 1397 1712 casus
1386 1680 1514 1713 mter

107 1748 300 1781 mutuas
321 1733 481 1782 clades
506 1732 715 1798 experiri
736 1732 987 1793 festinam,
1026 1734 1269 1780 cuneatim
1298 1734 1514 1798 stipatus,

109 1802 416 1868 densatisque
438 1802 619 1868 clypeis
639 1802 701 1848 ab
723 1801 825 1848 ictu
847 1801 1127 1865 sagittarum
1150 1801 1372 1850 defensus
1389 1841 1401 1864 ,
1435 1822 1514 1850 ve-

105 1872 207 1920 loci
223 1870 709 1920 saltu‘comitantibus
730 1870 968 1934 promptis
991 1889 1144 1936 prope
1159 1886 1358 1935 ‚portam
1381 1872 1514 1919 venit

105 1940 359 2002 hostilem,
403 1939 554 1987 crass'o
585 1939 716 1986 ferro
747 1939 1017 1985 crustatam.
1105 1940 1168 1987 Et
1189 1941 1305 1989 licet
1326 1941 1445 1988 saxis
1466 1955 1512 1988 et
1532 1946 1584 1991 15

107 2008 283 2074 glande
301 2009 602 2074 caeterisque
621 2008 729 2064 telis
749 2026 862 2055 cum
881 2009 1100 2071 periculo
1129 2008 1292 2056 salutis
1325 2028 1512 2074 preme-

106 2093 269 2140 retur,
306 2077 524 2126 fodicare
552 2091 714 2124 tamen
740 2090 936 2141 paratos
969 2079 1217 2125 valvarum
1247 2080 1421 2138 latera,
1456 2091 1511 2124 ut

108 2145 307 2194 aditum·
346 2147 699 2211 patefacerent,
747 2146 952 2193 vocibus
1005 2146 1260 2211 increpans
1308 2147 1511 2203 crebris,

108 2233 213 2263 non
247 2228 356 2262 ante
385 2214 616 2277 discessit,
660 2233 808 2280 quam
849 2217 1058 2262 te101um
1086 2215 1337 2278 congerie,
1385 2231 1510 2277 quae

105 2283 582 2352 superiaciebantur,
634 2282 683 2330 se
742 2284 840 2330 iam
897 2298 1117 2332 cerneret
1180 2283 1504 2330 obruendum.

107 2351 266 2400 Evafit
284 2370 398 2399 cum
423 2348 669 2399 omnibus
682 2366 866 2415 tamen,
918 2353 1082 2417 paucis
1110 2353 1262 2398 levius
1293 2351 1509 2400 vulnera·
1527 2359 1581 2403 16

110 2422 196 2483 tis,
228 2419 361 2486 ipse
350 2421 600 2480 innoxius,
631 2421 909 2468 verecundo
931 2418 1346 2468 iuhoieluffusus
1417 2420 1511 2470 Le..

110 2505 244 2553 gerat
269 2489 400 2538 enim
432 2487 763 2538 Aemilianum
787 2490 1098 2553 Scipionem,
1144 2506 1255 2534 Cum
1290 2487 1510 2538 historia-

110 2578 220 2606 rum
250 2558 508 2608 conditore
552 2558 786 2623 Polybio,
843 2555 1259 2621 Megalopolitano
1296 2558 1507 2622 Arcade,

111 2643 159 2674 et
177 2629 236 2694 ¹⁰)
256 2628 452 2693 triginta
471 2627 710 2675 militibus
729 2663 742 2689 ,
773 2641 966 2692 portam
989 2624 1293 2689 Carthaginis
1321 2626 1508 2694 impetu

157 2793 201 2838 9)
227 2791 294 2826 Ms.
325 2793 430 2841 aequi
458 2803 588 2829 mores.
648 2795 704 2843 ¹0)
734 2792 841 2842 Vulg·
876 2794 1021 2841 triginta
1046 2792 1221 2832 minibus.
