1727 3144
187 166 246 209 14
453 176 728 211 ΑΜΜῙΑΝῙ
766 175 1157 209 MARCELm-ui
1182 179 1291 221 xiv,
1318 165 1401 211 δι·

182 286 354 336 obrem
401 304 512 334 cum
552 288 708 334 oratio
732 295 737 304 '⁴
758 285 820 333 ad
868 303 921 334 ea
958 286 1272 334 monstranda
1309 286 1577 348 deflexerit,

182 373 304 421 quae
347 355 531 404 Romae
568 357 872 420 gererentur,
926 354 1051 401 nihil
1088 369 1278 420 praeter
1312 355 1578 404 seditiones

181 439 426 487 narratur,
471 439 519 472 et
553 426 802 481 tabernas,
857 437 905 471 et
942 423 1146 471 vilitates
1183 425 1358 472 harum
1401 424 1578 473 fimiles

178 495 324 542 alias:
361 493 635 548 summatim
665 493 829 540 caulas
877 492 1214 557 peisttingam,
1271 512 1512 560 nusquam
1551 512 1581 543 a

181 563 381 611 veritate
402 561 570 628 sponte
591 562 789 627 propria
809 560 917 624 d1g1
920 561 1115 609 ess'tuus

143 642 173 687 5
285 631 560 697 Tempore,
614 650 711 696 quo
741 630 910 708 primis
940 629 1205 694 auspiciis
1192 648 1243 677 m
1280 596 1583 678 mundanum

182 701 426 764 fulgorem
471 699 686 765 surgeret
724 700 940 757 victura,
998 699 1114 746 dum
1161 714 1302 747 erunt
1340 699 1583 761 homineS,

182 769 363 831 Roma,
407 783 461 816 ut
491 783 745 834 augeretur
779 766 1070 815 sublimibus
1099 768 1437 827 incrementis,-
1483 769 1587 816 ἰοε-

187 838 302 886 dere
334 839 465 903 pacis
495 852 716 885 aeternae
748 837 914 885 Virtus
934 837 1161 884 convenit
1187 852 1331 902 atque
1351 838 1585 902 Fortuna,

182 907 472 972 plerumque
495 906 793 955 diffidentes:
831 924 1036 970 quarum
1058 906 1095 951 fi
1113 906 1261 953 altera
1281 907 1330 972 ²)
1345 905 1586 964 defuisset,

145 976 248 1033 [fad
277 976 541 1040 perfectam
572 993 673 1024 non
705 989 903 1022 venerat
934 973 1268 1030 summitatem.
1309 1011 1312 1014 -
1349 975 1466 1022 Eius
1499 992 1589 1040 po-

184 1045 328 1109 pulus
355 1045 415 1092 ab
436 1044 743 1097 incunabulis
767 1043 938 1108 primis·
953 1042 1169 1108 adusque
1201 1042 1438 1107 pueritiae
1468 1057 1588 1092 tem·
1610 1089 1613 1092 Α

182 1132 276 1178 pus
296 1128 592 1172 extremum,
621 1112 758 1178 quod
777 1113 921 1160 annis-
938 1112 1341 1161 circumcluditur
1360 1113 1461 1160 sere
1498 1127 1589 1161 tre-

156 1182 371 1243 ffcentis,
411 1183 801 1231 circummurana
830 1182 1030 1246 pertulit
1060 1182 1208 1228 bella:
1254 1179 1433 1229 deinde
1462 1195 1590 1228 aeta--¹

185 1251 546 1314 temingress‘us
585 1250 827 1311 adultam,
873 1251 977 1314 post
1011 1249 1305 1313 multiplices
1343 1251 1588 1298 bellorum

188 1315 469 1380 aerumnas,
514 1317 666 1395 Alpes
695 1316 990 1366 transcendit
1027 1333 1075 1364 et
1111 1319 1316 1365 fretum:
1368 1319 1420 1364 in
1456 1319 1590 1367 iuve-

188 1406 302 1436 nem
325 1401 514 1436 eiectus
534 1401 581 1435 et
597 1387 785 1450 virum,
819 1403 876 1436 ex
902 1386 1037 1434 omni
1074 1386 1237 1450 plaga,
1279 1404 1426 1450 quam
1456 1388 1592 1436 orbis

189 1457 343 1507 ambit
391 1455 680 1519 immensus,
743 1456 1009 1521 reportavit
1053 1456 1243 1503 lauteae
1283 1455 1590 1521 triumphos·

187 1526 385 1603 iamque
411 1543 612 1589 vergens
640 1526 692 1571 in
724 1524 933 1586 senium,
972 1537 1020 1572 et
1045 1524 1244 1572 nomine
1272 1522 1378 1572 solo
1403 1525 1593 1590 aliquo-

149 1597 178 1642 5
191 1594 280 1642 ties
301 1595 524 1653 vincens,
558 1592 619 1640 ad
641 1594 977 1657 tranquilliora
998 1593 1123 1640 vitae
1159 1592 1390 1641 discessits
1465 1592 1590 1643 Ideo

188 1663 307 1709 urbs
338 1661 630 1709 venerabilis
659 1661 764 1725 post
789 1660 1020 1725 superbas
1050 1661 1353 1708 efferatarum
1375 1662 1595 1726 gentium

189 1731 403 1778 cervices
431 1729 702 1794 oppressas,
738 1729 955 1795 latasque
986 1731 1142 1793 leges,
1180 1729 1498 1778 fundamenta
1536 1731 1595 1779 li-

189 1798 391 1846 bertatis
424 1812 471 1846 et
511 1798 777 1846 retinacula
815 1797 1131 1862 sempiterna:
1179 1799 1312 1846 velut
1348 1799 1476 1863 frugi
1510 1801 1596 1864 pa?

190 1885 327 1928 rens,
376 1878 424 1915 et
455 1867 703 1931 prudens,
750 1881 797 1914 et
826 1866 985 1928 diveS,
1028 1865 1311 1915 Caesaribus
1341 1881 1594 1932 tamquam

151 1936 357 1984 Gliberis
386 1934 480 1983 suis
513 1935 722 1998 regenda
766 1937 1044 1998 patrimonii
1077 1936 1182 1983 iura
1223 1935 1452 2001 permisit.
1529 1937 1604 1985 Et:

192 2005 312 2053 olim
336 2004 451 2051 licet
474 2005 654 2052 otiosae
673 2005 765 2051 lint
783 2005 937 2052 tribus
951 2042 964 2066 ,
990 2008 1294 2069 'pacataeque
1327 2005 1592 2065 centuriae,

194 2088 242 2122 et
285 2074 417 2120 nulla
453 2071 790 2137 suffragiorum
817 2075 1106 2134 certamina,
1156 2072 1257 2120 —sed
1294 2073 1593 2139 Pompiliani

191 2141 394 2190 redierit
443 2140 669 2190 securitas
718 2143 980 2206 temporis:
1043 2160 1129 2207 per
1181 2160 1348 2190 omnes
1402 2156 1592 2204 tamen,

195 2225 441 2276 quotquot
469 2209 599 2270 sunt,
635 2224 796 2273 partes
830 2225 1090 2269 terrarum,
1136 2225 1191 2258 ut
1222 2210 1421 2259 domina
1448 2212 1487 2276 ³)
1519 2211 1595 2259 su-

192 2279 395 2344 spicitur
415 2293 462 2327 et
479 2279 665 2342 regina:
703 2293 751 2325 et
771 2281 954 2344 ubique
978 2279 1173 2326 Patrum
1194 2279 1459 2328 reverenda
1479 2299 1595 2328 cum

194 2348 482 2396 auctoritate
503 2348 729 2409 canities,
760 2350 1030 2414 populique
1060 2348 1267 2396 Romani
1295 2366 1475 2397 nomen
1503 2350 1596 2396 cir-

199 2416 532 2481 cumspectum
556 2430 602 2463 et
624 2418 664 2480 ⁴)
689 2417 1033 2464 verecundum.

158 2499 187 2543 7
295 2485 397 2532 Sed
423 2484 632 2535 laeditur
659 2485 741 2532 hic
772 2500 1002 2533 coetuum
1036 2487 1321 2550 magnificus
1364 2484 1593 2550 splendor

197 2552 391 2601 levitate
434 2572 703 2619 paucorum
739 2554 1015 2616 incondita,
1060 2556 1143 2602 uhi
1187 2556 1286 2602 nati
1314 2554 1434 2615 lint,
1491 2570 1592 2602 uon

247 2779 286 2825 2)
314 2751 485 2816 ssbffiiffi‘t·
540 2785 576 2831 3)
600 2782 669 2819 ΜΓ.
698 2782 898 2831 suscipitur.
959 2782 996 2830 4)
1026 2778 1091 2816 ΜΓ.
1120 2778 1373 2836 verecundum.
