1727 3144
225 146 228 149 ’
275 159 704 192 οοΝεΤΑΝΤιυε
740 161 815 192 ΕΤ
853 159 1184 192 tULIANUs.
1256 145 1372 206 559.
1452 145 1545 192 185

131 268 308 332 caufis,
355 268 544 317 itineris
571 269 928 336 longinquitate
958 266 1191 328 offensae,
1242 267 1431 314 abiecta
1463 267 1546 316 vi·-

130 338 277 385 vendi
307 338 604 403 cupiditate,
647 339 769 387 suris
800 339 876 389 vel
904 337 1243 403 suffraginibus
1285 335 1542 400 relinque-

129 407 309 461 bantur
332 407 546 455 exsectis.
981 466 985 468 v

230 475 331 523 Has
355 477 653 525 miserabiles
677 490 860 524 turmas
882 474 1010 523 Galli
1033 473 1211 522 milites
1232 477 1580 534 coiituentes‚3

128 545 407 593 rationabili
431 546 632 611 quidem
649 584 661 607 ⁷
694 545 777 593 sed
799 546 834 610 ³)
857 545 1007 591 intem
1015 543 1198 608 pestivo
1222 556 1378 603 motu,
1410 558 1539 587 con—

123 612 356 663 serendae
381 633 493 662 cum
515 616 735 663 hostibus
757 632 926 661 manus
952 614 1148 677 copiam
1180 611 1272 659 fibi
1302 610 1407 658 dari
1436 627 1539 674 po·-

122 681 347 745 scebant,
379 698 590 732 mortem
613 683 822 731 tribunis
844 683 1121 730 vetantibus
1148 680 1417 746 primisque
1449 696 1540 726 or-

125 749 324 798 dinibus
349 752 654 813 minitantes,
690 752 727 799 fi
753 750 984 816 deinceps
1010 750 1348 816 prohiberent.
1434 747 1582 802 Ut-4

55 841 59 846 ‘
114 838 218 887 'que
242 820 464 868 dentatae
481 821 532 867 in
548 821 708 869 caveis
736 821 940 882 bestiae,
982 835 1138 868 taetro
1174 818 1361 883 pedore
1392 834 1535 864 acer-—

120 887 230 935 bius
257 890 507 952 efferatae,
551 887 792 938 evadendi
819 888 902 954 spe
937 883 1180 954 repagulis
1211 887 1533 937 versabilibus

117 956 402 1006 illiduntur:
433 960 499 1006 ita
519 959 692 1023 gladiis
710 974 874 1024 portas
903 958 1198 1019 caedebant,
1247 975 1364 1023 quas
1386 954 1533 1019 supra

118 1024 329 1075 diximus
354 1027 625 1085 obseratas:¹
658 1027 929 1077 admodum
951 1028 1106 1089 anxii,
1138 1045 1199 1075 ne
1223 1027 1347 1074 urbe
1376 1023 1533 1072 excisa

115 1095 205 1159 ipfi
232 1115 432 1162 quoque
463 1097 562 1146 fine
593 1099 695 1147 ullo
741 1096 963 1162 specioso
1005 1098 1224 1145 facinore
1261 1095 1532 1153 deleantur,

119 1179 202 1211 aut
222 1181 361 1213 exuta
384 1167 614 1230 periculis
626 1204 643 1225 ‚
674 1167 802 1215 nihil
826 1167 966 1231 egiss'e
991 1184 1169 1230 operae
1197 1165 1409 1232 pretium
1439 1178 1530 1225 pro

116 1235 514 1297 magnanimitate
567 1237 758 1284 Gallica
801 1249 1164 1283 memorentur:
1220 1234 1337 1280 licet
1389 1243 1530 1277 antea

115 1301 256 1366 saepe
308 1302 498 1366 egreffi‚
541 1304 902 1368 structoresque
960 1321 1191 1368 aggerum
1226 1303 1267 1366 ⁴)
1299 1297 1528 1348 confoffis

117 1370 413 1435 quibusdam
465 1371 708 1436 impedire
767 1372 957 1431 conati,
1021 1372 1150 1435 paria
1205 1370 1527 1435 pertulerunt.

224 1440 406 1503 Inopes
441 1458 531 1488 nos
572 1440 789 1497 consilii,
839 1455 886 1487 et
929 1439 1050 1505 quid
1096 1439 1285 1504 opponi
1325 1435 1569 1485 deberet5

114 1505 442 1556 saevientibus
465 1509 790 1572 ambigentes,
827 1509 881 1555 id
897 1509 1219 1573 potissirnum‚
1259 1525 1399 1571 aegre
1432 1506 1529 1552 iis-

116 1575 231 1624 dem
265 1576 679 1638 adsentientibus,
725 1577 925 1625 tandem
961 1575 1221 1640 elegimus,
1271 1589 1355 1636 ut,
1394 1593 1529 1639 quo—

114 1646 247 1692 niam
280 1647 406 1694 ultra
449 1646 568 1693 ferri
607 1663 707 1693 non
739 1659 992 1710 poterant,
1043 1645 1306 1709 paullisper
1347 1643 1528 1691 morati

113 1714 354 1762 custodias
407 1713 610 1779 adgredi
665 1716 1066 1779 permitterentur
1112 1713 1338 1773 hostiles,
1401 1728 1528 1778 quae

111 1801 212 1830 non
252 1784 428 1848 procul
469 1797 606 1831 erant
643 1802 669 1830 a
701 1784 931 1832 coniectu
961 1785 1150 1831 locatae
1184 1783 1421 1843 telorum,
1469 1793 1524 1826 nt

111 1851 181 1899 eis
202 1853 446 1917 perruptis
467 1867 727 1917 pergerent
751 1852 963 1917 prorsus.
1049 1852 1339 1917 Adparebat
1371 1848 1520 1909 enim,

112 1938 221 1982 eos,
266 1920 304 1968 fi
353 1921 710 1987 impetrassent,
755 1922 932 1987 strages
988 1922 1221 1970 maximas
1282 1919 1519 1981 edituros3

111 1989 250 2046 Quae
284 1989 401 2040 dum
428 2005 662 2056 parantur
680 2028 692 2052 ,
734 2009 820 2055 per
844 1992 974 2039 varia
996 1990 1320 2038 certaminum
1346 1997 1562 2053 generass

111 2057 487 2107 defensabantur
534 2061 709 2108 acriter
748 2059 900 2123 inuri,
950 2061 1203 2108 laboribus
1239 2073 1286 2107 et
1323 2056 1519 2121 vigiliis,

110 2141 159 2176 et
187 2129 444 2176 tormentis
478 2129 540 2176 ad
572 2130 608 2194 ⁵)
636 2128 903 2177 emittenda
930 2128 1151 2195 undique
1186 2128 1300 2178 saxa
1326 2128 1518 2189 telaque

110 2195 372 2263 dispositis.
453 2198 569 2246 Duo
621 2213 785 2247 tamen
835 2217 1030 2264 aggeres
1078 2198 1215 2260 celsi,
1263 2194 1519 2244 Persarum

108 2265 330 2329 peditum
360 2285 509 2314 manu
524 2268 673 2314 erecti
691 2305 704 2328 ,
741 2281 788 2316 et
810 2268 1103 2334 expugnatio
1124 2266 1336 2315 civitatis
1358 2264 1518 2310 strue-—

109 2336 254 2382 batur
280 2335 511 2400 operibus
534 2336 703 2383 lentis:
751 2351 921 2385 contra
957 2355 1080 2402 quos
1109 2337 1384 2384 nostrorum
1415 2330 1519 2378 im-

112 2403 333 2466 pensiore
357 2423 472 2452 cura
493 2405 645 2452 moles
671 2405 1004 2453 excitabantur
1026 2405 1297 2463 altissimae,
1327 2399 1516 2463 fastigio

112 2471 338 2521 adversae
364 2472 660 2522 celsitudinis
683 2490 940 2540 aequatae,
981 2486 1403 2540 propugnatorum
1441 2469 1519 2517 vel

113 2541 264 2590 nimia
291 2541 509 2608 pondera
529 2542 802 2592 duraturae.

159 2727 194 2771 3)
230 2726 299 2762 Ms.
344 2729 628 2779 intemperarivo.
695 2732 739 2778 4)
780 2729 848 2766 Ms.
893 2740 927 2765 et
973 2729 1096 2776 Steplz.
1143 2726 1308 2763 confufis.
1378 2727 1423 2771 5)
1468 2726 1519 2759 ‹sl-

117 2773 307 2808 mittenda.
