<?xml version="1.0" encoding="UTF-8"?>
<!DOCTYPE html PUBLIC "-//W3C//DTD XHTML 1.0 Transitional//EN"
    "http://www.w3.org/TR/xhtml1/DTD/xhtml1-transitional.dtd">
<html xmlns="http://www.w3.org/1999/xhtml" xml:lang="en" lang="en">
 <head>
  <title>
</title>
<meta http-equiv="Content-Type" content="text/html;charset=utf-8" />
  <meta name='ocr-system' content='tesseract 3.04.00' />
  <meta name='ocr-capabilities' content='ocr_page ocr_carea ocr_par ocr_line ocrx_word'/>
</head>
<body>
  <div class='ocr_page' id='page_1' title='image "ammianimarcellin01ammiuoft_0362.png"; bbox 0 0 1727 3144; ppageno 0'>
   <div class='ocr_carea' id='block_1_1' title="bbox 234 185 1570 238">
    <p class='ocr_par' dir='ltr' id='par_1_1' title="bbox 234 185 1570 238">
     <span class='ocr_line' id='line_1_1' title="bbox 234 185 1570 238; baseline -0.004 -13"><span class='ocrx_word' id='word_1_1' title='bbox 234 191 328 238; x_wconf 76' lang='grc'>192</span> <span class='ocrx_word' id='word_1_2' title='bbox 470 187 742 223; x_wconf 72' lang='lat' dir='ltr'>AMMIANI</span> <span class='ocrx_word' id='word_1_3' title='bbox 782 186 1177 219; x_wconf 71' lang='lat' dir='ltr'>MARCELLINI</span> <span class='ocrx_word' id='word_1_4' title='bbox 1214 185 1324 232; x_wconf 76' lang='lat' dir='ltr'>xlx,</span> <span class='ocrx_word' id='word_1_5' title='bbox 1376 186 1453 218; x_wconf 88' lang='lat'>10.</span> <span class='ocrx_word' id='word_1_6' title='bbox 1493 188 1570 220; x_wconf 70' lang='lat'>110</span> 
     </span>
    </p>
   </div>
   <div class='ocr_carea' id='block_1_2' title="bbox 200 296 1707 2692">
    <p class='ocr_par' dir='ltr' id='par_1_2' title="bbox 246 296 1657 778">
     <span class='ocr_line' id='line_1_2' title="bbox 246 296 1653 366; baseline -0.004 -14"><span class='ocrx_word' id='word_1_7' title='bbox 246 301 458 353; x_wconf 82' lang='lat' dir='ltr'>cisfimae</span> <span class='ocrx_word' id='word_1_8' title='bbox 476 299 635 366; x_wconf 84' lang='lat' dir='ltr'>plebis</span> <span class='ocrx_word' id='word_1_9' title='bbox 648 336 661 362; x_wconf 91' lang='lat'>,</span> <span class='ocrx_word' id='word_1_10' title='bbox 705 299 884 361; x_wconf 80' lang='lat' dir='ltr'>famem</span> <span class='ocrx_word' id='word_1_11' title='bbox 902 297 1132 345; x_wconf 88' lang='lat' dir='ltr'>ultimum</span> <span class='ocrx_word' id='word_1_12' title='bbox 1152 297 1395 344; x_wconf 85' lang='lat' dir='ltr'>malorum</span> <span class='ocrx_word' id='word_1_13' title='bbox 1430 296 1653 346; x_wconf 84' lang='lat' dir='ltr'>omniurn.</span> 
     </span>
     <span class='ocr_line' id='line_1_3' title="bbox 247 365 1655 437; baseline -0.005 -16"><span class='ocrx_word' id='word_1_14' title='bbox 247 370 595 437; x_wconf 84' lang='lat' dir='ltr'>exspectantis,</span> <span class='ocrx_word' id='word_1_15' title='bbox 641 367 847 416; x_wconf 79' lang='lat' dir='ltr'><strong>subinde</strong></span> <span class='ocrx_word' id='word_1_16' title='bbox 875 366 1123 414; x_wconf 80' lang='lat' dir='ltr'><strong>Tertullus</strong></span> <span class='ocrx_word' id='word_1_17' title='bbox 1151 365 1410 414; x_wconf 81' lang='lat' dir='ltr'>vexabatur</span> <span class='ocrx_word' id='word_1_18' title='bbox 1441 385 1495 414; x_wconf 81' lang='lat' dir='ltr'>ea</span> <span class='ocrx_word' id='word_1_19' title='bbox 1533 381 1655 414; x_wconf 81' lang='lat' dir='ltr'>tem-</span> 
     </span>
     <span class='ocr_line' id='line_1_4' title="bbox 247 435 1655 507; baseline -0.004 -18"><span class='ocrx_word' id='word_1_20' title='bbox 247 440 424 507; x_wconf 84' lang='lat' dir='ltr'>pestate</span> <span class='ocrx_word' id='word_1_21' title='bbox 446 435 1164 504; x_wconf 62' lang='lat' dir='ltr'>p1=aefectus,‘&#39;⁹ii·rati0nabiliter</span> <span class='ocrx_word' id='word_1_22' title='bbox 1186 436 1354 499; x_wconf 82' lang='lat' dir='ltr'>plane:</span> <span class='ocrx_word' id='word_1_23' title='bbox 1399 453 1490 483; x_wconf 91' lang='lat' dir='ltr'>nec</span> <span class='ocrx_word' id='word_1_24' title='bbox 1521 435 1655 484; x_wconf 87' lang='lat' dir='ltr'>enim</span> 
     </span>
     <span class='ocr_line' id='line_1_5' title="bbox 247 504 1657 576; baseline -0.005 -18"><span class='ocrx_word' id='word_1_25' title='bbox 247 527 336 576; x_wconf 88' lang='lat' dir='ltr'>per</span> <span class='ocrx_word' id='word_1_26' title='bbox 366 527 478 556; x_wconf 88' lang='lat' dir='ltr'>eum</span> <span class='ocrx_word' id='word_1_27' title='bbox 509 507 724 567; x_wconf 85' lang='lat' dir='ltr'>steterat,</span> <span class='ocrx_word' id='word_1_28' title='bbox 769 523 868 570; x_wconf 84' lang='lat' dir='ltr'>quo</span> <span class='ocrx_word' id='word_1_29' title='bbox 895 504 1055 551; x_wconf 88' lang='lat' dir='ltr'>minus</span> <span class='ocrx_word' id='word_1_30' title='bbox 1084 518 1308 568; x_wconf 84' lang='lat' dir='ltr'>tempore</span> <span class='ocrx_word' id='word_1_31' title='bbox 1335 521 1553 568; x_wconf 78' lang='lat' dir='ltr'>congruo</span> <span class='ocrx_word' id='word_1_32' title='bbox 1573 505 1657 551; x_wconf 87' lang='lat' dir='ltr'>ali-</span> 
     </span>
     <span class='ocr_line' id='line_1_6' title="bbox 248 572 1657 638; baseline -0.005 -11"><span class='ocrx_word' id='word_1_33' title='bbox 248 592 410 627; x_wconf 85' lang='lat' dir='ltr'>menta</span> <span class='ocrx_word' id='word_1_34' title='bbox 439 576 642 624; x_wconf 87' lang='lat' dir='ltr'>navibus</span> <span class='ocrx_word' id='word_1_35' title='bbox 675 574 991 635; x_wconf 78' lang='lat' dir='ltr'><strong>veherentur,</strong></span> <span class='ocrx_word' id='word_1_36' title='bbox 1039 591 1155 638; x_wconf 79' lang='lat' dir='ltr'>quas</span> <span class='ocrx_word' id='word_1_37' title='bbox 1187 573 1335 619; x_wconf 87' lang='lat' dir='ltr'>maris</span> <span class='ocrx_word' id='word_1_38' title='bbox 1367 573 1501 620; x_wconf 86' lang='lat' dir='ltr'>cal&#39;us</span> <span class='ocrx_word' id='word_1_39' title='bbox 1525 572 1657 637; x_wconf 69' lang='lat' dir='ltr'>aspe-</span> 
     </span>
     <span class='ocr_line' id='line_1_7' title="bbox 248 641 1654 708; baseline -0.006 -12"><span class='ocrx_word' id='word_1_40' title='bbox 248 648 402 697; x_wconf 85' lang='lat' dir='ltr'>riores</span> <span class='ocrx_word' id='word_1_41' title='bbox 420 645 603 703; x_wconf 84' lang='lat' dir='ltr'>solitis,</span> <span class='ocrx_word' id='word_1_42' title='bbox 660 657 1016 708; x_wconf 80' lang='lat' dir='ltr'>ventorumque</span> <span class='ocrx_word' id='word_1_43' title='bbox 1063 642 1308 707; x_wconf 80' lang='lat' dir='ltr'>procellae</span> <span class='ocrx_word' id='word_1_44' title='bbox 1360 641 1654 704; x_wconf 77' lang='lat' dir='ltr'>reflantium,</span> 
     </span>
     <span class='ocr_line' id='line_1_8' title="bbox 249 710 1657 778; baseline -0.004 -14"><span class='ocrx_word' id='word_1_45' title='bbox 249 716 430 768; x_wconf 83' lang='lat' dir='ltr'>delatas</span> <span class='ocrx_word' id='word_1_46' title='bbox 459 714 510 761; x_wconf 89' lang='lat' dir='ltr'>in</span> <span class='ocrx_word' id='word_1_47' title='bbox 538 714 788 778; x_wconf 77' lang='lat' dir='ltr'>proximos</span> <span class='ocrx_word' id='word_1_48' title='bbox 818 711 975 772; x_wconf 85' lang='lat' dir='ltr'>finus,</span> <span class='ocrx_word' id='word_1_49' title='bbox 1007 711 1210 758; x_wconf 83' lang='lat' dir='ltr'>introire</span> <span class='ocrx_word' id='word_1_50' title='bbox 1230 725 1430 774; x_wconf 85' lang='lat' dir='ltr'>portum</span> <span class='ocrx_word' id='word_1_51' title='bbox 1449 710 1657 774; x_wconf 84' lang='lat' dir='ltr'>Augusti</span> 
     </span>
    </p>

    <p class='ocr_par' dir='ltr' id='par_1_3' title="bbox 200 779 1665 1189">
     <span class='ocr_line' id='line_1_9' title="bbox 200 779 1656 845; baseline -0.005 -12"><span class='ocrx_word' id='word_1_52' title='bbox 200 802 230 832; x_wconf 76' lang='lat'>2</span> <span class='ocrx_word' id='word_1_53' title='bbox 251 784 587 833; x_wconf 81' lang='lat' dir='ltr'>discriminum</span> <span class='ocrx_word' id='word_1_54' title='bbox 611 780 946 845; x_wconf 82' lang='lat' dir='ltr'>magnitudine</span> <span class='ocrx_word' id='word_1_55' title='bbox 973 780 1322 844; x_wconf 71' lang='lat' dir='ltr'>perterrebant-</span> <span class='ocrx_word' id='word_1_56' title='bbox 1407 779 1656 836; x_wconf 79' lang='lat' dir='ltr'>Quocirca</span> 
     </span>
     <span class='ocr_line' id='line_1_10' title="bbox 249 847 1657 916; baseline -0.005 -13"><span class='ocrx_word' id='word_1_57' title='bbox 249 855 383 903; x_wconf 88' lang='lat' dir='ltr'>idem</span> <span class='ocrx_word' id='word_1_58' title='bbox 431 852 572 916; x_wconf 81' lang='lat' dir='ltr'>saepe</span> <span class='ocrx_word' id='word_1_59' title='bbox 616 850 888 915; x_wconf 78' lang='lat' dir='ltr'><strong>praefectus</strong></span> <span class='ocrx_word' id='word_1_60' title='bbox 926 847 1250 896; x_wconf 77' lang='lat' dir='ltr'>seditionibus</span> <span class='ocrx_word' id='word_1_61' title='bbox 1292 847 1525 912; x_wconf 79' lang='lat' dir='ltr'>agitatus..</span> <span class='ocrx_word' id='word_1_62' title='bbox 1599 865 1657 896; x_wconf 80' lang='lat' dir='ltr'>ae</span> 
     </span>
     <span class='ocr_line' id='line_1_11' title="bbox 246 915 1660 989; baseline -0.005 -18"><span class='ocrx_word' id='word_1_63' title='bbox 246 924 394 989; x_wconf 80' lang='lat' dir='ltr'><strong>plebe</strong></span> <span class='ocrx_word' id='word_1_64' title='bbox 412 921 509 969; x_wconf 84' lang='lat' dir='ltr'>iam</span> <span class='ocrx_word' id='word_1_65' title='bbox 527 920 786 968; x_wconf 79' lang='lat' dir='ltr'>saevitaute</span> <span class='ocrx_word' id='word_1_66' title='bbox 808 918 1091 979; x_wconf 86' lang='lat' dir='ltr'>immanius,</span> <span class='ocrx_word' id='word_1_67' title='bbox 1138 936 1285 982; x_wconf 87' lang='lat' dir='ltr'>quam</span> <span class='ocrx_word' id='word_1_68' title='bbox 1307 919 1341 982; x_wconf 86' lang='lat'>¹)</span> <span class='ocrx_word' id='word_1_69' title='bbox 1371 917 1542 964; x_wconf 86' lang='lat' dir='ltr'>urebat</span> <span class='ocrx_word' id='word_1_70' title='bbox 1568 915 1660 964; x_wconf 85' lang='lat' dir='ltr'>im·</span> 
     </span>
     <span class='ocr_line' id='line_1_12' title="bbox 246 984 1660 1057; baseline -0.005 -18"><span class='ocrx_word' id='word_1_71' title='bbox 246 991 468 1057; x_wconf 78' lang='lat' dir='ltr'>pendens</span> <span class='ocrx_word' id='word_1_72' title='bbox 496 989 725 1052; x_wconf 69' lang='lat' dir='ltr'>exitium,</span> <span class='ocrx_word' id='word_1_73' title='bbox 769 988 829 1033; x_wconf 89' lang='lat' dir='ltr'>ab</span> <span class='ocrx_word' id='word_1_74' title='bbox 866 987 1002 1033; x_wconf 87' lang='lat' dir='ltr'>omni</span> <span class='ocrx_word' id='word_1_75' title='bbox 1031 985 1114 1050; x_wconf 79' lang='lat' dir='ltr'>spe</span> <span class='ocrx_word' id='word_1_76' title='bbox 1146 984 1356 1033; x_wconf 84' lang='lat' dir='ltr'>tuendae</span> <span class='ocrx_word' id='word_1_77' title='bbox 1383 985 1548 1033; x_wconf 78' lang='lat' dir='ltr'>salutis</span> <span class='ocrx_word' id='word_1_78' title='bbox 1582 1003 1660 1033; x_wconf 84' lang='lat' dir='ltr'>ex-</span> 
     </span>
     <span class='ocr_line' id='line_1_13' title="bbox 248 1054 1661 1120; baseline -0.005 -12"><span class='ocrx_word' id='word_1_79' title='bbox 248 1059 435 1118; x_wconf 84' lang='lat' dir='ltr'>clusus,</span> <span class='ocrx_word' id='word_1_80' title='bbox 476 1071 532 1104; x_wconf 86' lang='lat' dir='ltr'>ut</span> <span class='ocrx_word' id='word_1_81' title='bbox 564 1056 867 1115; x_wconf 82' lang='lat' dir='ltr'>aestimabat,</span> <span class='ocrx_word' id='word_1_82' title='bbox 901 1056 940 1120; x_wconf 76' lang='lat'>²)</span> <span class='ocrx_word' id='word_1_83' title='bbox 969 1054 1283 1102; x_wconf 77' lang='lat' dir='ltr'>tumultuanti</span> <span class='ocrx_word' id='word_1_84' title='bbox 1309 1055 1482 1103; x_wconf 86' lang='lat' dir='ltr'>acriter</span> <span class='ocrx_word' id='word_1_85' title='bbox 1504 1072 1661 1119; x_wconf 83' lang='lat' dir='ltr'>popu-</span> 
     </span>
     <span class='ocr_line' id='line_1_14' title="bbox 248 1122 1665 1189; baseline -0.004 -13"><span class='ocrx_word' id='word_1_86' title='bbox 248 1130 326 1189; x_wconf 87' lang='lat' dir='ltr'>lo,</span> <span class='ocrx_word' id='word_1_87' title='bbox 355 1127 438 1175; x_wconf 80' lang='lat' dir='ltr'>sed</span> <span class='ocrx_word' id='word_1_88' title='bbox 460 1124 729 1172; x_wconf 78' lang='lat' dir='ltr'>accidentia</span> <span class='ocrx_word' id='word_1_89' title='bbox 750 1122 1053 1170; x_wconf 77' lang='lat' dir='ltr'>considerare</span> <span class='ocrx_word' id='word_1_90' title='bbox 1075 1123 1237 1185; x_wconf 85' lang='lat' dir='ltr'>sueto,</span> <span class='ocrx_word' id='word_1_91' title='bbox 1276 1122 1541 1188; x_wconf 79' lang='lat' dir='ltr'>prudenter</span> <span class='ocrx_word' id='word_1_92' title='bbox 1573 1124 1665 1171; x_wconf 46' lang='lat' dir='ltr'>ob?</span> 
     </span>
    </p>

    <p class='ocr_par' dir='ltr' id='par_1_4' title="bbox 201 1192 1707 1674">
     <span class='ocr_line' id='line_1_15' title="bbox 201 1192 1707 1260; baseline -0.005 -15"><span class='ocrx_word' id='word_1_93' title='bbox 201 1203 231 1249; x_wconf 76' lang='grc'>5</span> <span class='ocrx_word' id='word_1_94' title='bbox 251 1197 366 1244; x_wconf 84' lang='lat' dir='ltr'>iecit</span> <span class='ocrx_word' id='word_1_95' title='bbox 385 1193 612 1260; x_wconf 84' lang='lat' dir='ltr'>parvulos</span> <span class='ocrx_word' id='word_1_96' title='bbox 634 1192 791 1238; x_wconf 78' lang='lat' dir='ltr'>filios:</span> <span class='ocrx_word' id='word_1_97' title='bbox 837 1204 884 1238; x_wconf 90' lang='lat' dir='ltr'>et</span> <span class='ocrx_word' id='word_1_98' title='bbox 910 1192 1206 1253; x_wconf 81' lang='lat' dir='ltr'>lacrymans,</span> <span class='ocrx_word' id='word_1_99' title='bbox 1237 1195 1343 1253; x_wconf 86' lang='lat' dir='ltr'>En,</span> <span class='ocrx_word' id='word_1_100' title='bbox 1377 1192 1562 1257; x_wconf 87' lang='lat' dir='ltr'>inquit,</span> <span class='ocrx_word' id='word_1_101' title='bbox 1598 1195 1662 1239; x_wconf 82' lang='lat' dir='ltr'>ci·</span> <span class='ocrx_word' id='word_1_102' title='bbox 1701 1209 1707 1213; x_wconf 55' lang='lat'>²</span> 
     </span>
     <span class='ocr_line' id='line_1_16' title="bbox 249 1260 1661 1325; baseline -0.006 -10"><span class='ocrx_word' id='word_1_103' title='bbox 249 1285 331 1315; x_wconf 77' lang='lat' dir='ltr'>ves</span> <span class='ocrx_word' id='word_1_104' title='bbox 367 1264 541 1325; x_wconf 71' lang='lat' dir='ltr'>vestri,</span> <span class='ocrx_word' id='word_1_105' title='bbox 600 1262 785 1324; x_wconf 69' lang='lat' dir='ltr'>procul</span> <span class='ocrx_word' id='word_1_106' title='bbox 816 1277 959 1307; x_wconf 83' lang='lat' dir='ltr'>omen</span> <span class='ocrx_word' id='word_1_107' title='bbox 996 1263 1090 1308; x_wconf 81' lang='lat' dir='ltr'>Dii</span> <span class='ocrx_word' id='word_1_108' title='bbox 1151 1263 1370 1321; x_wconf 70' lang='lat' dir='ltr'>caelestes</span> <span class='ocrx_word' id='word_1_109' title='bbox 1406 1260 1661 1311; x_wconf 80' lang='lat' dir='ltr'>avertant!</span> 
     </span>
     <span class='ocr_line' id='line_1_17' title="bbox 248 1329 1665 1395; baseline -0.005 -13"><span class='ocrx_word' id='word_1_110' title='bbox 248 1336 424 1382; x_wconf 76' lang='lat' dir='ltr'>eadem</span> <span class='ocrx_word' id='word_1_111' title='bbox 454 1331 704 1395; x_wconf 69' lang='lat' dir='ltr'>perlaturi</span> <span class='ocrx_word' id='word_1_112' title='bbox 748 1329 1018 1388; x_wconf 71' lang='lat' dir='ltr'>vobiscum,</span> <span class='ocrx_word' id='word_1_113' title='bbox 1068 1333 1121 1376; x_wconf 81' lang='lat' dir='ltr'>ni</span> <span class='ocrx_word' id='word_1_114' title='bbox 1153 1330 1368 1389; x_wconf 78' lang='lat' dir='ltr'>fortuna</span> <span class='ocrx_word' id='word_1_115' title='bbox 1411 1329 1665 1392; x_wconf 63' lang='lat' dir='ltr'>acffalferit</span> 
     </span>
     <span class='ocr_line' id='line_1_18' title="bbox 251 1399 1665 1462; baseline -0.004 -11"><span class='ocrx_word' id='word_1_116' title='bbox 251 1407 441 1451; x_wconf 78' lang='lat' dir='ltr'>laetior.</span> <span class='ocrx_word' id='word_1_117' title='bbox 531 1403 588 1447; x_wconf 60' lang='lat' dir='ltr'>Sa·</span> <span class='ocrx_word' id='word_1_118' title='bbox 626 1401 790 1462; x_wconf 76' lang='lat' dir='ltr'>itaque</span> <span class='ocrx_word' id='word_1_119' title='bbox 821 1399 893 1445; x_wconf 74' lang='lat' dir='ltr'>his</span> <span class='ocrx_word' id='word_1_120' title='bbox 919 1400 1135 1456; x_wconf 78' lang='lat' dir='ltr'>abolitis,</span> <span class='ocrx_word' id='word_1_121' title='bbox 1183 1400 1258 1444; x_wconf 73' lang='lat' dir='ltr'>nil</span> <span class='ocrx_word' id='word_1_122' title='bbox 1281 1399 1415 1459; x_wconf 76' lang='lat' dir='ltr'>triste</span> <span class='ocrx_word' id='word_1_123' title='bbox 1441 1401 1665 1445; x_wconf 78' lang='lat' dir='ltr'>accidere</span> 
     </span>
     <span class='ocr_line' id='line_1_19' title="bbox 245 1466 1661 1538; baseline -0.005 -19"><span class='ocrx_word' id='word_1_124' title='bbox 245 1475 377 1538; x_wconf 66' lang='lat' dir='ltr'>poffe</span> <span class='ocrx_word' id='word_1_125' title='bbox 396 1470 683 1531; x_wconf 48' lang='lat' dir='ltr'>existimatis</span> <span class='ocrx_word' id='word_1_126' title='bbox 694 1504 710 1525; x_wconf 86' lang='grc'>,</span> <span class='ocrx_word' id='word_1_127' title='bbox 737 1470 940 1531; x_wconf 62' lang='lat' dir='ltr'>praelio</span> <span class='ocrx_word' id='word_1_128' title='bbox 967 1471 1018 1515; x_wconf 84' lang='lat' dir='ltr'>in</span> <span class='ocrx_word' id='word_1_129' title='bbox 1032 1469 1272 1531; x_wconf 77' lang='lat' dir='ltr'>potestate</span> <span class='ocrx_word' id='word_1_130' title='bbox 1291 1466 1325 1532; x_wconf 86' lang='lat'>³)</span> <span class='ocrx_word' id='word_1_131' title='bbox 1343 1471 1464 1530; x_wconf 73' lang='lat' dir='ltr'>fient</span> <span class='ocrx_word' id='word_1_132' title='bbox 1485 1469 1661 1528; x_wconf 69' lang='lat' dir='ltr'>vestra.</span> 
     </span>
     <span class='ocr_line' id='line_1_20' title="bbox 254 1534 1665 1600; baseline -0.005 -10"><span class='ocrx_word' id='word_1_133' title='bbox 254 1542 366 1599; x_wconf 84' lang='lat' dir='ltr'>Qua</span> <span class='ocrx_word' id='word_1_134' title='bbox 395 1537 703 1588; x_wconf 81' lang='lat' dir='ltr'>miseratione</span> <span class='ocrx_word' id='word_1_135' title='bbox 736 1538 932 1600; x_wconf 78' lang='lat' dir='ltr'>vulgus,</span> <span class='ocrx_word' id='word_1_136' title='bbox 976 1536 1039 1584; x_wconf 80' lang='lat' dir='ltr'>ad</span> <span class='ocrx_word' id='word_1_137' title='bbox 1059 1535 1369 1584; x_wconf 86' lang='lat' dir='ltr'>clementiam</span> <span class='ocrx_word' id='word_1_138' title='bbox 1388 1534 1556 1599; x_wconf 85' lang='lat' dir='ltr'>suapte</span> <span class='ocrx_word' id='word_1_139' title='bbox 1583 1555 1665 1583; x_wconf 87' lang='lat' dir='ltr'>na-</span> 
     </span>
     <span class='ocr_line' id='line_1_21' title="bbox 255 1604 1666 1674; baseline -0.004 -16"><span class='ocrx_word' id='word_1_140' title='bbox 255 1625 361 1658; x_wconf 85' lang='lat' dir='ltr'>tura</span> <span class='ocrx_word' id='word_1_141' title='bbox 383 1607 600 1674; x_wconf 87' lang='lat' dir='ltr'>proclive</span> <span class='ocrx_word' id='word_1_142' title='bbox 615 1642 627 1666; x_wconf 94' lang='lat'>,</span> <span class='ocrx_word' id='word_1_143' title='bbox 655 1606 862 1652; x_wconf 88' lang='lat' dir='ltr'>lenitum</span> <span class='ocrx_word' id='word_1_144' title='bbox 884 1605 1146 1666; x_wconf 84' lang='lat' dir='ltr'>conticuit,</span> <span class='ocrx_word' id='word_1_145' title='bbox 1176 1604 1529 1669; x_wconf 87' lang='lat' dir='ltr'>aequanimiter</span> <span class='ocrx_word' id='word_1_146' title='bbox 1551 1622 1666 1653; x_wconf 89' lang='lat' dir='ltr'>ven·</span> 
     </span>
    </p>

    <p class='ocr_par' dir='ltr' id='par_1_5' title="bbox 205 1672 1667 2150">
     <span class='ocr_line' id='line_1_22' title="bbox 205 1672 1664 1739; baseline -0.004 -12"><span class='ocrx_word' id='word_1_147' title='bbox 205 1682 413 1738; x_wconf 73' lang='lat' dir='ltr'>&#39;4turam</span> <span class='ocrx_word' id='word_1_148' title='bbox 449 1674 707 1739; x_wconf 81' lang='lat' dir='ltr'>opperiens</span> <span class='ocrx_word' id='word_1_149' title='bbox 747 1672 942 1720; x_wconf 84' lang='lat' dir='ltr'>sortem.</span> <span class='ocrx_word' id='word_1_150' title='bbox 1024 1673 1244 1736; x_wconf 85' lang='lat' dir='ltr'>Moxque</span> <span class='ocrx_word' id='word_1_151' title='bbox 1275 1672 1430 1720; x_wconf 85' lang='lat' dir='ltr'>divini</span> <span class='ocrx_word' id='word_1_152' title='bbox 1459 1673 1664 1722; x_wconf 85' lang='lat' dir='ltr'>arbitrio</span> 
     </span>
     <span class='ocr_line' id='line_1_23' title="bbox 254 1740 1665 1807; baseline -0.004 -12"><span class='ocrx_word' id='word_1_153' title='bbox 254 1745 496 1801; x_wconf 82' lang='lat' dir='ltr'>numinis,</span> <span class='ocrx_word' id='word_1_154' title='bbox 540 1740 676 1806; x_wconf 86' lang='lat' dir='ltr'>quod</span> <span class='ocrx_word' id='word_1_155' title='bbox 706 1742 835 1787; x_wconf 79' lang='lat' dir='ltr'>auxit</span> <span class='ocrx_word' id='word_1_156' title='bbox 867 1743 927 1789; x_wconf 88' lang='lat' dir='ltr'>ab</span> <span class='ocrx_word' id='word_1_157' title='bbox 956 1742 1266 1790; x_wconf 86' lang='lat' dir='ltr'>incunabulis</span> <span class='ocrx_word' id='word_1_158' title='bbox 1293 1741 1493 1788; x_wconf 78' lang='lat' dir='ltr'>Romam</span> <span class='ocrx_word' id='word_1_159' title='bbox 1509 1778 1527 1800; x_wconf 83' lang='grc'>,</span> <span class='ocrx_word' id='word_1_160' title='bbox 1558 1760 1665 1807; x_wconf 86' lang='lat' dir='ltr'>per·</span> 
     </span>
     <span class='ocr_line' id='line_1_24' title="bbox 253 1809 1667 1881; baseline -0.004 -18"><span class='ocrx_word' id='word_1_161' title='bbox 253 1830 551 1881; x_wconf 85' lang='lat' dir='ltr'>petuamque</span> <span class='ocrx_word' id='word_1_162' title='bbox 587 1812 712 1869; x_wconf 53' lang='lat' dir='ltr'>fore,</span> <span class='ocrx_word' id='word_1_163' title='bbox 736 1809 1011 1874; x_wconf 82' lang='lat' dir='ltr'>respondit,</span> <span class='ocrx_word' id='word_1_164' title='bbox 1080 1810 1198 1857; x_wconf 89' lang='lat' dir='ltr'>dum</span> <span class='ocrx_word' id='word_1_165' title='bbox 1239 1810 1488 1857; x_wconf 75' lang='lat' dir='ltr'>Tertullus</span> <span class='ocrx_word' id='word_1_166' title='bbox 1533 1809 1667 1875; x_wconf 81' lang='lat' dir='ltr'>apud.</span> 
     </span>
     <span class='ocr_line' id='line_1_25' title="bbox 257 1878 1667 1943; baseline -0.003 -12"><span class='ocrx_word' id='word_1_167' title='bbox 257 1884 392 1931; x_wconf 81' lang='lat' dir='ltr'>Ostia</span> <span class='ocrx_word' id='word_1_168' title='bbox 414 1883 465 1928; x_wconf 88' lang='lat' dir='ltr'>in</span> <span class='ocrx_word' id='word_1_169' title='bbox 485 1878 602 1927; x_wconf 83' lang='lat' dir='ltr'>aede</span> <span class='ocrx_word' id='word_1_170' title='bbox 625 1878 860 1926; x_wconf 85' lang='lat' dir='ltr'>sacrificat</span> <span class='ocrx_word' id='word_1_171' title='bbox 881 1879 1155 1941; x_wconf 81' lang='lat' dir='ltr'>Castorum,</span> <span class='ocrx_word' id='word_1_172' title='bbox 1190 1880 1512 1943; x_wconf 85' lang='lat' dir='ltr'>tranquillitas</span> <span class='ocrx_word' id='word_1_173' title='bbox 1532 1895 1667 1927; x_wconf 82' lang='lat' dir='ltr'>mare</span> 
     </span>
     <span class='ocr_line' id='line_1_26' title="bbox 255 1946 1666 2012; baseline -0.005 -11"><span class='ocrx_word' id='word_1_174' title='bbox 255 1951 490 2001; x_wconf 82' lang='lat' dir='ltr'>mollivit:</span> <span class='ocrx_word' id='word_1_175' title='bbox 548 1961 834 2011; x_wconf 84' lang='lat' dir='ltr'>mutatoque</span> <span class='ocrx_word' id='word_1_176' title='bbox 876 1949 927 1994; x_wconf 89' lang='lat' dir='ltr'>in</span> <span class='ocrx_word' id='word_1_177' title='bbox 963 1949 1174 1996; x_wconf 80' lang='lat' dir='ltr'>austrum</span> <span class='ocrx_word' id='word_1_178' title='bbox 1215 1946 1466 2012; x_wconf 88' lang='lat' dir='ltr'>placidum</span> <span class='ocrx_word' id='word_1_179' title='bbox 1500 1961 1666 2008; x_wconf 84' lang='lat' dir='ltr'>vento,</span> 
     </span>
     <span class='ocr_line' id='line_1_27' title="bbox 251 2013 1666 2080; baseline -0.005 -11"><span class='ocrx_word' id='word_1_180' title='bbox 251 2019 582 2070; x_wconf 63' lang='lat' dir='ltr'>*velificatione</span> <span class='ocrx_word' id='word_1_181' title='bbox 601 2017 742 2080; x_wconf 85' lang='lat' dir='ltr'>plena</span> <span class='ocrx_word' id='word_1_182' title='bbox 765 2030 962 2079; x_wconf 82' lang='lat' dir='ltr'>portum</span> <span class='ocrx_word' id='word_1_183' title='bbox 981 2034 1128 2066; x_wconf 84' lang='lat' dir='ltr'>naves</span> <span class='ocrx_word' id='word_1_184' title='bbox 1148 2013 1379 2080; x_wconf 71' lang='lat' dir='ltr'>iugress‘ae</span> <span class='ocrx_word' id='word_1_185' title='bbox 1393 2051 1407 2077; x_wconf 89' lang='lat'>,</span> <span class='ocrx_word' id='word_1_186' title='bbox 1452 2015 1666 2064; x_wconf 84' lang='lat' dir='ltr'>frumen-</span> 
     </span>
     <span class='ocr_line' id='line_1_28' title="bbox 257 2083 845 2150; baseline -0.015 -12"><span class='ocrx_word' id='word_1_187' title='bbox 257 2097 318 2138; x_wconf 80' lang='lat' dir='ltr'>tis</span> <span class='ocrx_word' id='word_1_188' title='bbox 344 2089 519 2135; x_wconf 86' lang='lat' dir='ltr'>horrea</span> <span class='ocrx_word' id='word_1_189' title='bbox 542 2083 845 2150; x_wconf 77' lang='lat' dir='ltr'>referserunt.</span> 
     </span>
    </p>

    <p class='ocr_par' dir='ltr' id='par_1_6' title="bbox 214 2151 1700 2637">
     <span class='ocr_line' id='line_1_29' title="bbox 214 2151 1667 2216; baseline -0.004 -12"><span class='ocrx_word' id='word_1_190' title='bbox 214 2184 232 2210; x_wconf 84' lang='lat'>1</span> <span class='ocrx_word' id='word_1_191' title='bbox 360 2156 454 2210; x_wconf 82' lang='lat' dir='ltr'>XI.</span> <span class='ocrx_word' id='word_1_192' title='bbox 489 2156 622 2203; x_wconf 81' lang='lat' dir='ltr'>Inter</span> <span class='ocrx_word' id='word_1_193' title='bbox 642 2152 761 2200; x_wconf 82' lang='lat' dir='ltr'>haec</span> <span class='ocrx_word' id='word_1_194' title='bbox 794 2153 861 2199; x_wconf 88' lang='lat' dir='ltr'>ita</span> <span class='ocrx_word' id='word_1_195' title='bbox 885 2152 919 2216; x_wconf 78' lang='lat'>²)</span> <span class='ocrx_word' id='word_1_196' title='bbox 941 2151 1167 2216; x_wconf 81' lang='lat' dir='ltr'>ambigua</span> <span class='ocrx_word' id='word_1_197' title='bbox 1190 2151 1542 2212; x_wconf 78' lang='lat' dir='ltr'>Constantium,</span> <span class='ocrx_word' id='word_1_198' title='bbox 1568 2151 1667 2199; x_wconf 76' lang='lat' dir='ltr'>Sir-</span> 
     </span>
     <span class='ocr_line' id='line_1_30' title="bbox 255 2221 1667 2285; baseline -0.007 -8"><span class='ocrx_word' id='word_1_199' title='bbox 255 2228 345 2278; x_wconf 84' lang='lat' dir='ltr'>mii</span> <span class='ocrx_word' id='word_1_200' title='bbox 367 2226 512 2274; x_wconf 88' lang='lat' dir='ltr'>etiam</span> <span class='ocrx_word' id='word_1_201' title='bbox 536 2237 639 2269; x_wconf 83' lang='lat' dir='ltr'>tum</span> <span class='ocrx_word' id='word_1_202' title='bbox 664 2221 870 2269; x_wconf 89' lang='lat' dir='ltr'>hiberna</span> <span class='ocrx_word' id='word_1_203' title='bbox 890 2222 1052 2285; x_wconf 84' lang='lat' dir='ltr'>quiete</span> <span class='ocrx_word' id='word_1_204' title='bbox 1073 2234 1350 2281; x_wconf 76' lang='lat' dir='ltr'>curantem,</span> <span class='ocrx_word' id='word_1_205' title='bbox 1403 2235 1667 2285; x_wconf 68' lang='lat' dir='ltr'>promove·</span> 
     </span>
     <span class='ocr_line' id='line_1_31' title="bbox 255 2288 1667 2360; baseline -0.007 -14"><span class='ocrx_word' id='word_1_206' title='bbox 255 2292 556 2360; x_wconf 46' lang='lat' dir='ltr'>bantbnuntii</span> <span class='ocrx_word' id='word_1_207' title='bbox 577 2288 828 2339; x_wconf 86' lang='lat' dir='ltr'>metuendi</span> <span class='ocrx_word' id='word_1_208' title='bbox 856 2304 1102 2353; x_wconf 80' lang='lat' dir='ltr'>etgraves,</span> <span class='ocrx_word' id='word_1_209' title='bbox 1135 2289 1408 2336; x_wconf 86' lang='lat' dir='ltr'>indicante-s</span> <span class='ocrx_word' id='word_1_210' title='bbox 1431 2289 1500 2349; x_wconf 80' lang='lat' dir='ltr'>id,</span> <span class='ocrx_word' id='word_1_211' title='bbox 1527 2288 1667 2354; x_wconf 90' lang='lat' dir='ltr'>quod.</span> 
     </span>
     <span class='ocr_line' id='line_1_32' title="bbox 254 2357 1669 2425; baseline -0.008 -10"><span class='ocrx_word' id='word_1_212' title='bbox 254 2381 373 2415; x_wconf 84' lang='lat' dir='ltr'>tunc</span> <span class='ocrx_word' id='word_1_213' title='bbox 403 2378 697 2425; x_wconf 77' lang='lat' dir='ltr'>magnopere</span> <span class='ocrx_word' id='word_1_214' title='bbox 724 2357 1042 2420; x_wconf 80' lang='lat' dir='ltr'>formidabat,</span> <span class='ocrx_word' id='word_1_215' title='bbox 1082 2359 1123 2422; x_wconf 79' lang='lat'>²)</span> <span class='ocrx_word' id='word_1_216' title='bbox 1150 2357 1447 2420; x_wconf 82' lang='lat' dir='ltr'>Limigantes</span> <span class='ocrx_word' id='word_1_217' title='bbox 1476 2358 1669 2404; x_wconf 81' lang='lat' dir='ltr'>Sarma·</span> 
     </span>
     <span class='ocr_line' id='line_1_33' title="bbox 257 2423 1669 2497; baseline -0.008 -14"><span class='ocrx_word' id='word_1_218' title='bbox 257 2447 351 2496; x_wconf 80' lang='lat' dir='ltr'>tas,</span> <span class='ocrx_word' id='word_1_219' title='bbox 389 2449 512 2497; x_wconf 87' lang='lat' dir='ltr'>quos</span> <span class='ocrx_word' id='word_1_220' title='bbox 534 2427 758 2494; x_wconf 67' lang='lat' dir='ltr'>expuliss&#39;e</span> <span class='ocrx_word' id='word_1_221' title='bbox 781 2427 992 2492; x_wconf 87' lang='lat' dir='ltr'>paternis</span> <span class='ocrx_word' id='word_1_222' title='bbox 1025 2427 1260 2489; x_wconf 85' lang='lat' dir='ltr'>avitisque</span> <span class='ocrx_word' id='word_1_223' title='bbox 1294 2424 1489 2473; x_wconf 82' lang='lat' dir='ltr'>sedibus</span> <span class='ocrx_word' id='word_1_224' title='bbox 1511 2423 1669 2472; x_wconf 85' lang='lat' dir='ltr'>domi-</span> 
     </span>
     <span class='ocr_line' id='line_1_34' title="bbox 258 2493 1700 2561; baseline -0.008 -10"><span class='ocrx_word' id='word_1_225' title='bbox 258 2521 348 2551; x_wconf 87' lang='lat' dir='ltr'>nos</span> <span class='ocrx_word' id='word_1_226' title='bbox 379 2501 489 2549; x_wconf 79' lang='lat' dir='ltr'>suos</span> <span class='ocrx_word' id='word_1_227' title='bbox 526 2512 635 2546; x_wconf 88' lang='lat' dir='ltr'>ante</span> <span class='ocrx_word' id='word_1_228' title='bbox 665 2496 1057 2557; x_wconf 80' lang='lat' dir='ltr'>monstravimus,</span> <span class='ocrx_word' id='word_1_229' title='bbox 1101 2494 1353 2561; x_wconf 84' lang='lat' dir='ltr'>paullatim</span> <span class='ocrx_word' id='word_1_230' title='bbox 1380 2493 1666 2557; x_wconf 79' lang='lat' dir='ltr'>posthabitis</span> <span class='ocrx_word' id='word_1_231' title='bbox 1698 2529 1700 2533; x_wconf 68' lang='lat'>,</span> 
     </span>
     <span class='ocr_line' id='line_1_35' title="bbox 258 2561 1666 2637; baseline -0.009 -17"><span class='ocrx_word' id='word_1_232' title='bbox 258 2572 398 2634; x_wconf 84' lang='lat' dir='ltr'>locis,</span> <span class='ocrx_word' id='word_1_233' title='bbox 423 2586 547 2637; x_wconf 89' lang='lat' dir='ltr'>quae</span> <span class='ocrx_word' id='word_1_234' title='bbox 566 2568 633 2615; x_wconf 85' lang='lat' dir='ltr'>eis</span> <span class='ocrx_word' id='word_1_235' title='bbox 653 2583 777 2615; x_wconf 83' lang='lat' dir='ltr'>anno</span> <span class='ocrx_word' id='word_1_236' title='bbox 795 2565 1054 2630; x_wconf 83' lang='lat' dir='ltr'>praeterito</span> <span class='ocrx_word' id='word_1_237' title='bbox 1075 2564 1258 2612; x_wconf 87' lang='lat' dir='ltr'>utiliter</span> <span class='ocrx_word' id='word_1_238' title='bbox 1276 2561 1385 2611; x_wconf 80' lang='lat' dir='ltr'>sunt</span> <span class='ocrx_word' id='word_1_239' title='bbox 1416 2561 1666 2624; x_wconf 80' lang='lat' dir='ltr'>destinata,</span> 
     </span>
    </p>

    <p class='ocr_par' dir='ltr' id='par_1_7' title="bbox 1582 2646 1664 2692">
     <span class='ocr_line' id='line_1_36' title="bbox 1582 2646 1664 2692; baseline -0.012 -13"><span class='ocrx_word' id='word_1_240' title='bbox 1582 2646 1664 2692; x_wconf 82' lang='lat' dir='ltr'>ne,</span> 
     </span>
    </p>
   </div>
   <div class='ocr_carea' id='block_1_3' title="bbox 543 2705 825 2721">
    <p class='ocr_par' dir='ltr' id='par_1_8' title="bbox 543 2705 825 2721">
     <span class='ocr_line' id='line_1_37' title="bbox 543 2705 825 2721; baseline -0.004 0"><span class='ocrx_word' id='word_1_241' title='bbox 543 2705 825 2721; x_wconf 40' lang='lat' dir='ltr'><em>——nb———ai-</em></span> 
     </span>
    </p>
   </div>
   <div class='ocr_carea' id='block_1_4' title="bbox 259 2712 538 2725">
    <p class='ocr_par' dir='ltr' id='par_1_9' title="bbox 259 2712 538 2725">
     <span class='ocr_line' id='line_1_38' title="bbox 259 2712 538 2725; baseline 0 419"><span class='ocrx_word' id='word_1_242' title='bbox 259 2712 538 2725; x_wconf 95' lang='lat' dir='ltr'> </span> 
     </span>
    </p>
   </div>
   <div class='ocr_carea' id='block_1_5' title="bbox 260 2754 1666 2859">
    <p class='ocr_par' dir='ltr' id='par_1_10' title="bbox 260 2754 1666 2859">
     <span class='ocr_line' id='line_1_39' title="bbox 308 2754 1666 2811; baseline -0.007 -12"><span class='ocrx_word' id='word_1_243' title='bbox 308 2764 439 2811; x_wconf 77' lang='grc' dir='ltr'>1)Μ[.</span> <span class='ocrx_word' id='word_1_244' title='bbox 474 2775 509 2799; x_wconf 87' lang='lat' dir='ltr'>et</span> <span class='ocrx_word' id='word_1_245' title='bbox 543 2764 665 2811; x_wconf 81' lang='lat' dir='ltr'>Sceph.</span> <span class='ocrx_word' id='word_1_246' title='bbox 703 2763 838 2798; x_wconf 81' lang='lat' dir='ltr'>urebat.</span> <span class='ocrx_word' id='word_1_247' title='bbox 888 2761 931 2806; x_wconf 71' lang='lat'>2)</span> <span class='ocrx_word' id='word_1_248' title='bbox 967 2761 1019 2796; x_wconf 83' lang='lat' dir='ltr'>al.</span> <span class='ocrx_word' id='word_1_249' title='bbox 1052 2757 1303 2794; x_wconf 79' lang='lat' dir='ltr'>tumultuante.</span> <span class='ocrx_word' id='word_1_250' title='bbox 1339 2756 1379 2804; x_wconf 73' lang='lat'>3)</span> <span class='ocrx_word' id='word_1_251' title='bbox 1406 2757 1457 2791; x_wconf 79' lang='lat' dir='ltr'>nl.</span> <span class='ocrx_word' id='word_1_252' title='bbox 1487 2754 1573 2792; x_wconf 73' lang='lat' dir='ltr'>sum.</span> <span class='ocrx_word' id='word_1_253' title='bbox 1625 2754 1666 2802; x_wconf 81' lang='grc' dir='ltr'>ι)</span> 
     </span>
     <span class='ocr_line' id='line_1_40' title="bbox 260 2809 989 2859; baseline -0.003 -13"><span class='ocrx_word' id='word_1_254' title='bbox 260 2813 310 2848; x_wconf 79' lang='lat' dir='ltr'>al.</span> <span class='ocrx_word' id='word_1_255' title='bbox 340 2811 557 2859; x_wconf 78' lang='lat' dir='ltr'>ambiguum.</span> <span class='ocrx_word' id='word_1_256' title='bbox 607 2819 644 2857; x_wconf 81' lang='lat'>2)</span> <span class='ocrx_word' id='word_1_257' title='bbox 668 2810 736 2845; x_wconf 66' lang='lat' dir='ltr'>Mi]</span> <span class='ocrx_word' id='word_1_258' title='bbox 764 2809 989 2848; x_wconf 76' lang='lat' dir='ltr'>Limitames.</span> 
     </span>
    </p>
   </div>
  </div>
 </body>
</html>
