<?xml version="1.0" encoding="UTF-8"?>
<!DOCTYPE html PUBLIC "-//W3C//DTD XHTML 1.0 Transitional//EN"
    "http://www.w3.org/TR/xhtml1/DTD/xhtml1-transitional.dtd">
<html xmlns="http://www.w3.org/1999/xhtml" xml:lang="en" lang="en">
 <head>
  <title>
</title>
<meta http-equiv="Content-Type" content="text/html;charset=utf-8" />
  <meta name='ocr-system' content='tesseract 3.04.00' />
  <meta name='ocr-capabilities' content='ocr_page ocr_carea ocr_par ocr_line ocrx_word'/>
</head>
<body>
  <div class='ocr_page' id='page_1' title='image "ammianimarcellin01ammiuoft_0364.png"; bbox 0 0 1727 3144; ppageno 0'>
   <div class='ocr_carea' id='block_1_1' title="bbox 229 209 1459 271">
    <p class='ocr_par' dir='ltr' id='par_1_1' title="bbox 229 209 1459 271">
     <span class='ocr_line' id='line_1_1' title="bbox 229 209 1459 271; baseline -0.001 -18"><span class='ocrx_word' id='word_1_1' title='bbox 229 209 326 271; x_wconf 62' lang='lat'>194</span> <span class='ocrx_word' id='word_1_2' title='bbox 467 218 735 252; x_wconf 69' lang='lat' dir='ltr'><strong>AMMIANI</strong></span> <span class='ocrx_word' id='word_1_3' title='bbox 786 221 1177 252; x_wconf 54' lang='lat' dir='ltr'>MARCEL‘LlNI</span> <span class='ocrx_word' id='word_1_4' title='bbox 1217 221 1331 266; x_wconf 69' lang='lat' dir='ltr'>xnx,</span> <span class='ocrx_word' id='word_1_5' title='bbox 1382 222 1459 252; x_wconf 82' lang='lat'>11.</span> 
     </span>
    </p>
   </div>
   <div class='ocr_carea' id='block_1_2' title="bbox 200 328 1703 2732">
    <p class='ocr_par' dir='ltr' id='par_1_2' title="bbox 227 328 1640 391">
     <span class='ocr_line' id='line_1_2' title="bbox 227 328 1640 391; baseline -0.001 -10"><span class='ocrx_word' id='word_1_6' title='bbox 227 330 473 391; x_wconf 66' lang='lat' dir='ltr'>sentabat,</span> <span class='ocrx_word' id='word_1_7' title='bbox 514 345 622 378; x_wconf 86' lang='lat' dir='ltr'>ante</span> <span class='ocrx_word' id='word_1_8' title='bbox 654 329 748 377; x_wconf 81' lang='lat' dir='ltr'>adv</span> <span class='ocrx_word' id='word_1_9' title='bbox 738 333 918 377; x_wconf 85' lang='lat' dir='ltr'>entum</span> <span class='ocrx_word' id='word_1_10' title='bbox 943 328 1082 377; x_wconf 84' lang='lat' dir='ltr'>suum</span> <span class='ocrx_word' id='word_1_11' title='bbox 1106 331 1346 378; x_wconf 81' lang='lat' dir='ltr'>amicitiae</span> <span class='ocrx_word' id='word_1_12' title='bbox 1366 332 1640 380; x_wconf 84' lang='lat' dir='ltr'>velamento</span> 
     </span>
    </p>

    <p class='ocr_par' dir='ltr' id='par_1_3' title="bbox 232 368 1645 467">
     <span class='ocr_line' id='line_1_3' title="bbox 232 368 1645 467; baseline 0.001 -20"><span class='ocrx_word' id='word_1_13' title='bbox 232 402 271 467; x_wconf 87' lang='lat'>⁷)</span> <span class='ocrx_word' id='word_1_14' title='bbox 282 368 557 447; x_wconf 63' lang='lat' dir='ltr'>Pannonias</span> <span class='ocrx_word' id='word_1_15' title='bbox 579 400 748 446; x_wconf 80' lang='lat' dir='ltr'>furtim</span> <span class='ocrx_word' id='word_1_16' title='bbox 761 418 802 447; x_wconf 84' lang='lat' dir='ltr'><strong>v</strong></span> <span class='ocrx_word' id='word_1_17' title='bbox 793 399 866 445; x_wconf 72' lang='lat' dir='ltr'>ist</span> <span class='ocrx_word' id='word_1_18' title='bbox 861 399 1007 446; x_wconf 69' lang='lat' dir='ltr'>indas</span> <span class='ocrx_word' id='word_1_19' title='bbox 1028 398 1258 447; x_wconf 87' lang='lat' dir='ltr'>invadere</span> <span class='ocrx_word' id='word_1_20' title='bbox 1270 400 1444 448; x_wconf 88' lang='lat' dir='ltr'>hiemis</span> <span class='ocrx_word' id='word_1_21' title='bbox 1458 400 1550 448; x_wconf 91' lang='lat' dir='ltr'>du1</span> <span class='ocrx_word' id='word_1_22' title='bbox 1552 401 1645 448; x_wconf 82' lang='lat' dir='ltr'>iffi·</span> 
     </span>
    </p>

    <p class='ocr_par' dir='ltr' id='par_1_4' title="bbox 233 464 1644 532">
     <span class='ocr_line' id='line_1_4' title="bbox 233 464 1644 532; baseline -0.001 -14"><span class='ocrx_word' id='word_1_23' title='bbox 233 487 318 518; x_wconf 85' lang='lat' dir='ltr'>mo</span> <span class='ocrx_word' id='word_1_24' title='bbox 345 470 641 532; x_wconf 78' lang='lat' dir='ltr'>cogitanteS,</span> <span class='ocrx_word' id='word_1_25' title='bbox 683 488 795 515; x_wconf 85' lang='lat' dir='ltr'>cum</span> <span class='ocrx_word' id='word_1_26' title='bbox 829 464 1039 516; x_wconf 52' lang='lat' dir='ltr'>necdum</span> <span class='ocrx_word' id='word_1_27' title='bbox 1068 467 1250 516; x_wconf 81' lang='lat' dir='ltr'>solutae</span> <span class='ocrx_word' id='word_1_28' title='bbox 1283 471 1442 517; x_wconf 86' lang='lat' dir='ltr'>vernis</span> <span class='ocrx_word' id='word_1_29' title='bbox 1470 471 1644 517; x_wconf 85' lang='lat' dir='ltr'>calori-</span> 
     </span>
    </p>

    <p class='ocr_par' dir='ltr' id='par_1_5' title="bbox 235 537 1643 603">
     <span class='ocr_line' id='line_1_5' title="bbox 235 537 1643 603; baseline -0.002 -16"><span class='ocrx_word' id='word_1_30' title='bbox 235 541 327 588; x_wconf 82' lang='lat' dir='ltr'>hus</span> <span class='ocrx_word' id='word_1_31' title='bbox 355 538 487 585; x_wconf 88' lang='lat' dir='ltr'>nives</span> <span class='ocrx_word' id='word_1_32' title='bbox 520 557 712 585; x_wconf 86' lang='lat' dir='ltr'>amnem</span> <span class='ocrx_word' id='word_1_33' title='bbox 738 537 957 603; x_wconf 82' lang='lat' dir='ltr'>undique</span> <span class='ocrx_word' id='word_1_34' title='bbox 979 538 1201 602; x_wconf 76' lang='lat' dir='ltr'>pervium</span> <span class='ocrx_word' id='word_1_35' title='bbox 1236 538 1436 600; x_wconf 84' lang='lat' dir='ltr'>faciunt,</span> <span class='ocrx_word' id='word_1_36' title='bbox 1472 539 1616 586; x_wconf 78' lang='lat' dir='ltr'>nosti</span> <span class='ocrx_word' id='word_1_37' title='bbox 1607 557 1643 584; x_wconf 84' lang='grc' dir='ltr'>ι-</span> 
     </span>
    </p>

    <p class='ocr_par' dir='ltr' id='par_1_6' title="bbox 238 600 1600 674">
     <span class='ocr_line' id='line_1_6' title="bbox 238 600 1600 674; baseline -0.001 -18"><span class='ocrx_word' id='word_1_38' title='bbox 238 624 334 674; x_wconf 82' lang='lat' dir='ltr'>que</span> <span class='ocrx_word' id='word_1_39' title='bbox 368 608 552 671; x_wconf 76' lang='lat' dir='ltr'>piuinis</span> <span class='ocrx_word' id='word_1_40' title='bbox 575 606 849 654; x_wconf 85' lang='lat' dir='ltr'>lubdivales</span> <span class='ocrx_word' id='word_1_41' title='bbox 883 625 1042 655; x_wconf 87' lang='lat' dir='ltr'>moras</span> <span class='ocrx_word' id='word_1_42' title='bbox 1081 605 1278 654; x_wconf 86' lang='lat' dir='ltr'>difficile</span> <span class='ocrx_word' id='word_1_43' title='bbox 1309 600 1600 669; x_wconf 57' lang='lat' dir='ltr'>tolerabant.</span> 
     </span>
    </p>

    <p class='ocr_par' dir='ltr' id='par_1_7' title="bbox 200 675 1656 1616">
     <span class='ocr_line' id='line_1_7' title="bbox 333 675 1646 741; baseline -0.002 -17"><span class='ocrx_word' id='word_1_44' title='bbox 333 676 598 724; x_wconf 83' lang='lat' dir='ltr'>Confestim</span> <span class='ocrx_word' id='word_1_45' title='bbox 628 677 792 741; x_wconf 85' lang='lat' dir='ltr'>itaque</span> <span class='ocrx_word' id='word_1_46' title='bbox 832 677 976 724; x_wconf 81' lang='lat' dir='ltr'>missis</span> <span class='ocrx_word' id='word_1_47' title='bbox 1008 676 1069 723; x_wconf 80' lang='lat' dir='ltr'>ad</span> <span class='ocrx_word' id='word_1_48' title='bbox 1113 676 1413 739; x_wconf 79' lang='lat' dir='ltr'>Limigantes</span> <span class='ocrx_word' id='word_1_49' title='bbox 1451 675 1646 723; x_wconf 80' lang='lat' dir='ltr'>duobus</span> 
     </span>
     <span class='ocr_line' id='line_1_8' title="bbox 238 745 1648 810; baseline 0 -18"><span class='ocrx_word' id='word_1_50' title='bbox 238 746 446 792; x_wconf 74' lang='lat' dir='ltr'>tribunis</span> <span class='ocrx_word' id='word_1_51' title='bbox 471 763 583 793; x_wconf 87' lang='lat' dir='ltr'>cum</span> <span class='ocrx_word' id='word_1_52' title='bbox 605 745 950 809; x_wconf 78' lang='lat' dir='ltr'>interpretibus</span> <span class='ocrx_word' id='word_1_53' title='bbox 971 745 1194 810; x_wconf 76' lang='lat' dir='ltr'>linguliS,</span> <span class='ocrx_word' id='word_1_54' title='bbox 1232 746 1515 809; x_wconf 79' lang='lat' dir='ltr'>explorabat</span> <span class='ocrx_word' id='word_1_55' title='bbox 1543 762 1648 792; x_wconf 84' lang='lat' dir='ltr'>mo-</span> 
     </span>
     <span class='ocr_line' id='line_1_9' title="bbox 241 813 1648 878; baseline -0.001 -17"><span class='ocrx_word' id='word_1_56' title='bbox 241 813 417 861; x_wconf 84' lang='lat' dir='ltr'>destius</span> <span class='ocrx_word' id='word_1_57' title='bbox 443 814 833 878; x_wconf 81' lang='lat' dir='ltr'>percunctando,</span> <span class='ocrx_word' id='word_1_58' title='bbox 875 833 1020 878; x_wconf 86' lang='lat' dir='ltr'>quam</span> <span class='ocrx_word' id='word_1_59' title='bbox 1045 816 1108 862; x_wconf 82' lang='lat' dir='ltr'>ob</span> <span class='ocrx_word' id='word_1_60' title='bbox 1130 832 1231 861; x_wconf 88' lang='lat' dir='ltr'>rem</span> <span class='ocrx_word' id='word_1_61' title='bbox 1250 814 1430 860; x_wconf 88' lang='lat' dir='ltr'>relictis</span> <span class='ocrx_word' id='word_1_62' title='bbox 1446 813 1648 874; x_wconf 86' lang='lat' dir='ltr'>laribus,</span> 
     </span>
     <span class='ocr_line' id='line_1_10' title="bbox 242 882 1650 947; baseline 0.001 -20"><span class='ocrx_word' id='word_1_63' title='bbox 242 884 351 947; x_wconf 78' lang='lat' dir='ltr'>pol&#39;t</span> <span class='ocrx_word' id='word_1_64' title='bbox 369 901 537 947; x_wconf 83' lang='lat' dir='ltr'>pacem</span> <span class='ocrx_word' id='word_1_65' title='bbox 559 899 606 930; x_wconf 90' lang='lat' dir='ltr'>et</span> <span class='ocrx_word' id='word_1_66' title='bbox 627 882 826 931; x_wconf 81' lang='lat' dir='ltr'>foedera</span> <span class='ocrx_word' id='word_1_67' title='bbox 856 884 1133 947; x_wconf 82' lang='lat' dir='ltr'>petentibus</span> <span class='ocrx_word' id='word_1_68' title='bbox 1159 883 1429 943; x_wconf 77' lang='lat' dir='ltr'>attributis,</span> <span class='ocrx_word' id='word_1_69' title='bbox 1469 883 1535 928; x_wconf 48' lang='lat' dir='ltr'>its*-</span> <span class='ocrx_word' id='word_1_70' title='bbox 1568 901 1650 946; x_wconf 84' lang='lat' dir='ltr'>pa-</span> 
     </span>
     <span class='ocr_line' id='line_1_11' title="bbox 241 949 1650 1016; baseline 0 -19"><span class='ocrx_word' id='word_1_71' title='bbox 241 952 457 998; x_wconf 81' lang='lat' dir='ltr'>larentur</span> <span class='ocrx_word' id='word_1_72' title='bbox 488 953 635 1013; x_wconf 85' lang='lat' dir='ltr'>varii,</span> <span class='ocrx_word' id='word_1_73' title='bbox 674 953 951 1016; x_wconf 80' lang='lat' dir='ltr'>limitesque</span> <span class='ocrx_word' id='word_1_74' title='bbox 992 967 1161 999; x_wconf 85' lang='lat' dir='ltr'>contra</span> <span class='ocrx_word' id='word_1_75' title='bbox 1196 951 1455 997; x_wconf 76' lang='lat' dir='ltr'>interdieta</span> <span class='ocrx_word' id='word_1_76' title='bbox 1496 949 1650 1016; x_wconf 84' lang='lat' dir='ltr'>pulsa-</span> 
     </span>
     <span class='ocr_line' id='line_1_12' title="bbox 200 1021 1650 1083; baseline -0.001 -16"><span class='ocrx_word' id='word_1_77' title='bbox 200 1023 366 1067; x_wconf 80' lang='lat' dir='ltr'>firent.</span> <span class='ocrx_word' id='word_1_78' title='bbox 450 1021 550 1076; x_wconf 84' lang='lat' dir='ltr'>Qui</span> <span class='ocrx_word' id='word_1_79' title='bbox 579 1040 697 1067; x_wconf 77' lang='lat' dir='ltr'>vana</span> <span class='ocrx_word' id='word_1_80' title='bbox 731 1022 972 1083; x_wconf 82' lang='lat' dir='ltr'>quaedam</span> <span class='ocrx_word' id='word_1_81' title='bbox 1003 1021 1248 1066; x_wconf 76' lang='lat' dir='ltr'>causantes</span> <span class='ocrx_word' id='word_1_82' title='bbox 1282 1034 1328 1066; x_wconf 91' lang='lat' dir='ltr'>et</span> <span class='ocrx_word' id='word_1_83' title='bbox 1360 1021 1521 1079; x_wconf 85' lang='lat' dir='ltr'>irrita,</span> <span class='ocrx_word' id='word_1_84' title='bbox 1567 1038 1650 1083; x_wconf 79' lang='lat' dir='ltr'>pa-</span> 
     </span>
     <span class='ocr_line' id='line_1_13' title="bbox 244 1086 1651 1152; baseline 0 -17"><span class='ocrx_word' id='word_1_85' title='bbox 244 1106 360 1136; x_wconf 83' lang='lat' dir='ltr'>vore</span> <span class='ocrx_word' id='word_1_86' title='bbox 379 1086 603 1151; x_wconf 80' lang='lat' dir='ltr'>adigente</span> <span class='ocrx_word' id='word_1_87' title='bbox 625 1089 846 1148; x_wconf 76' lang='lat' dir='ltr'>mentiri,</span> <span class='ocrx_word' id='word_1_88' title='bbox 896 1088 1176 1152; x_wconf 84' lang='lat' dir='ltr'>Principem</span> <span class='ocrx_word' id='word_1_89' title='bbox 1208 1090 1472 1135; x_wconf 78' lang='lat' dir='ltr'>exorabant</span> <span class='ocrx_word' id='word_1_90' title='bbox 1490 1089 1542 1135; x_wconf 89' lang='lat' dir='ltr'>iu</span> <span class='ocrx_word' id='word_1_91' title='bbox 1572 1106 1651 1136; x_wconf 81' lang='lat' dir='ltr'>ve·</span> 
     </span>
     <span class='ocr_line' id='line_1_14' title="bbox 245 1155 1652 1217; baseline 0.001 -15"><span class='ocrx_word' id='word_1_92' title='bbox 245 1175 403 1216; x_wconf 82' lang='lat' dir='ltr'>niam,</span> <span class='ocrx_word' id='word_1_93' title='bbox 446 1155 776 1216; x_wconf 75' lang='lat' dir='ltr'>obsecrantes,</span> <span class='ocrx_word' id='word_1_94' title='bbox 821 1171 901 1213; x_wconf 77' lang='lat' dir='ltr'>ut,</span> <span class='ocrx_word' id='word_1_95' title='bbox 954 1155 1193 1203; x_wconf 74' lang='lat' dir='ltr'>simultate</span> <span class='ocrx_word' id='word_1_96' title='bbox 1234 1158 1440 1217; x_wconf 84' lang='lat' dir='ltr'>abolita,</span> <span class='ocrx_word' id='word_1_97' title='bbox 1500 1172 1652 1204; x_wconf 84' lang='lat' dir='ltr'>trans-</span> 
     </span>
     <span class='ocr_line' id='line_1_15' title="bbox 246 1224 1652 1288; baseline 0.001 -17"><span class='ocrx_word' id='word_1_98' title='bbox 246 1224 385 1272; x_wconf 79' lang='lat' dir='ltr'>miffo</span> <span class='ocrx_word' id='word_1_99' title='bbox 415 1225 616 1272; x_wconf 83' lang='lat' dir='ltr'>flumine</span> <span class='ocrx_word' id='word_1_100' title='bbox 660 1224 722 1271; x_wconf 85' lang='lat' dir='ltr'>ad</span> <span class='ocrx_word' id='word_1_101' title='bbox 754 1242 865 1271; x_wconf 82' lang='lat' dir='ltr'>euni</span> <span class='ocrx_word' id='word_1_102' title='bbox 894 1224 1059 1272; x_wconf 88' lang='lat' dir='ltr'>venire</span> <span class='ocrx_word' id='word_1_103' title='bbox 1092 1225 1510 1288; x_wconf 78' lang='lat' dir='ltr'>permitterentur,</span> <span class='ocrx_word' id='word_1_104' title='bbox 1563 1225 1652 1272; x_wconf 84' lang='lat' dir='ltr'>do·-</span> 
     </span>
     <span class='ocr_line' id='line_1_16' title="bbox 245 1291 1652 1360; baseline 0.001 -20"><span class='ocrx_word' id='word_1_105' title='bbox 245 1293 373 1340; x_wconf 82' lang='lat' dir='ltr'>cturi</span> <span class='ocrx_word' id='word_1_106' title='bbox 390 1331 402 1355; x_wconf 87' lang='lat'>,</span> <span class='ocrx_word' id='word_1_107' title='bbox 461 1311 583 1357; x_wconf 86' lang='lat' dir='ltr'>quae</span> <span class='ocrx_word' id='word_1_108' title='bbox 631 1292 923 1341; x_wconf 83' lang='lat' dir='ltr'>sustinerent</span> <span class='ocrx_word' id='word_1_109' title='bbox 941 1330 954 1354; x_wconf 86' lang='lat'>,</span> <span class='ocrx_word' id='word_1_110' title='bbox 1004 1291 1346 1340; x_wconf 86' lang='lat' dir='ltr'>incommoda:</span> <span class='ocrx_word' id='word_1_111' title='bbox 1397 1295 1652 1360; x_wconf 84' lang='lat' dir='ltr'>paratique</span> 
     </span>
     <span class='ocr_line' id='line_1_17' title="bbox 245 1360 1653 1425; baseline 0.003 -18"><span class='ocrx_word' id='word_1_112' title='bbox 245 1363 371 1408; x_wconf 86' lang='lat' dir='ltr'>intra</span> <span class='ocrx_word' id='word_1_113' title='bbox 401 1360 551 1425; x_wconf 84' lang='lat' dir='ltr'>spatia</span> <span class='ocrx_word' id='word_1_114' title='bbox 589 1363 722 1410; x_wconf 85' lang='lat' dir='ltr'>orbis</span> <span class='ocrx_word' id='word_1_115' title='bbox 755 1362 986 1422; x_wconf 80' lang='lat' dir='ltr'>Romani,</span> <span class='ocrx_word' id='word_1_116' title='bbox 1032 1361 1068 1408; x_wconf 88' lang='lat' dir='ltr'><strong>fi</strong></span> <span class='ocrx_word' id='word_1_117' title='bbox 1095 1361 1147 1408; x_wconf 86' lang='lat' dir='ltr'>id</span> <span class='ocrx_word' id='word_1_118' title='bbox 1186 1362 1451 1425; x_wconf 81' lang='lat' dir='ltr'>placuerit,</span> <span class='ocrx_word' id='word_1_119' title='bbox 1501 1376 1653 1411; x_wconf 84' lang='lat' dir='ltr'>terras</span> 
     </span>
     <span class='ocr_line' id='line_1_18' title="bbox 244 1429 1651 1495; baseline 0.001 -19"><span class='ocrx_word' id='word_1_120' title='bbox 244 1429 487 1494; x_wconf 81' lang='lat' dir='ltr'>suscipere</span> <span class='ocrx_word' id='word_1_121' title='bbox 510 1433 655 1495; x_wconf 82' lang='lat' dir='ltr'>longe</span> <span class='ocrx_word' id='word_1_122' title='bbox 684 1431 938 1489; x_wconf 82' lang='lat' dir='ltr'>discretas,</span> <span class='ocrx_word' id='word_1_123' title='bbox 969 1445 1024 1476; x_wconf 88' lang='lat' dir='ltr'>ut</span> <span class='ocrx_word' id='word_1_124' title='bbox 1046 1430 1278 1477; x_wconf 82' lang='lat' dir='ltr'>diuturno</span> <span class='ocrx_word' id='word_1_125' title='bbox 1305 1431 1407 1478; x_wconf 89' lang='lat' dir='ltr'>otio</span> <span class='ocrx_word' id='word_1_126' title='bbox 1428 1432 1651 1493; x_wconf 86' lang='lat' dir='ltr'>involuti,</span> 
     </span>
     <span class='ocr_line' id='line_1_19' title="bbox 244 1499 1656 1565; baseline 0.001 -19"><span class='ocrx_word' id='word_1_127' title='bbox 244 1513 291 1546; x_wconf 90' lang='lat' dir='ltr'>et</span> <span class='ocrx_word' id='word_1_128' title='bbox 317 1501 532 1565; x_wconf 86' lang='lat' dir='ltr'>quietem</span> <span class='ocrx_word' id='word_1_129' title='bbox 567 1502 781 1547; x_wconf 84' lang='lat' dir='ltr'>colentes</span> <span class='ocrx_word' id='word_1_130' title='bbox 813 1515 1060 1564; x_wconf 80' lang='lat' dir='ltr'>tamquam</span> <span class='ocrx_word' id='word_1_131' title='bbox 1092 1500 1349 1547; x_wconf 83' lang='lat' dir='ltr'>salutarem</span> <span class='ocrx_word' id='word_1_132' title='bbox 1379 1499 1536 1562; x_wconf 83' lang='lat' dir='ltr'>deam,</span> <span class='ocrx_word' id='word_1_133' title='bbox 1569 1501 1656 1548; x_wconf 82' lang='lat' dir='ltr'>tri-</span> 
     </span>
     <span class='ocr_line' id='line_1_20' title="bbox 246 1568 1255 1616; baseline 0 -2"><span class='ocrx_word' id='word_1_134' title='bbox 246 1570 552 1616; x_wconf 74' lang='lat' dir='ltr'>butariorum</span> <span class='ocrx_word' id='word_1_135' title='bbox 579 1587 728 1616; x_wconf 83' lang='lat' dir='ltr'>onera</span> <span class='ocrx_word' id='word_1_136' title='bbox 748 1568 967 1615; x_wconf 78' lang='lat' dir='ltr'>subirent</span> <span class='ocrx_word' id='word_1_137' title='bbox 990 1583 1036 1616; x_wconf 84' lang='lat' dir='ltr'>et</span> <span class='ocrx_word' id='word_1_138' title='bbox 1060 1586 1255 1616; x_wconf 83' lang='lat' dir='ltr'>nomen.</span> 
     </span>
    </p>

    <p class='ocr_par' dir='ltr' id='par_1_8' title="bbox 203 1637 1703 2251">
     <span class='ocr_line' id='line_1_21' title="bbox 203 1637 1703 1702; baseline 0 -18"><span class='ocrx_word' id='word_1_139' title='bbox 203 1648 233 1697; x_wconf 83' lang='lat'>7</span> <span class='ocrx_word' id='word_1_140' title='bbox 344 1638 437 1684; x_wconf 81' lang='lat' dir='ltr'>His</span> <span class='ocrx_word' id='word_1_141' title='bbox 459 1638 564 1702; x_wconf 85' lang='lat' dir='ltr'>post</span> <span class='ocrx_word' id='word_1_142' title='bbox 590 1638 802 1685; x_wconf 83' lang='lat' dir='ltr'>reditum</span> <span class='ocrx_word' id='word_1_143' title='bbox 828 1639 1139 1685; x_wconf 81' lang='lat' dir='ltr'>tribunorum</span> <span class='ocrx_word' id='word_1_144' title='bbox 1173 1638 1464 1700; x_wconf 77' lang='lat' dir='ltr'>compertis,</span> <span class='ocrx_word' id='word_1_145' title='bbox 1495 1637 1656 1702; x_wconf 66' lang='lat' dir='ltr'>Impe⁴</span> <span class='ocrx_word' id='word_1_146' title='bbox 1698 1679 1703 1684; x_wconf 84' lang='lat'><strong>.</strong></span> 
     </span>
     <span class='ocr_line' id='line_1_22' title="bbox 245 1706 1655 1771; baseline 0.001 -19"><span class='ocrx_word' id='word_1_147' title='bbox 245 1721 377 1753; x_wconf 88' lang='lat' dir='ltr'>rator</span> <span class='ocrx_word' id='word_1_148' title='bbox 402 1706 666 1764; x_wconf 83' lang='lat' dir='ltr'>exsultans,</span> <span class='ocrx_word' id='word_1_149' title='bbox 709 1720 763 1752; x_wconf 87' lang='lat' dir='ltr'>ut</span> <span class='ocrx_word' id='word_1_150' title='bbox 792 1707 1019 1771; x_wconf 79' lang='lat' dir='ltr'>negotio,</span> <span class='ocrx_word' id='word_1_151' title='bbox 1061 1706 1197 1770; x_wconf 83' lang='lat' dir='ltr'>quod</span> <span class='ocrx_word' id='word_1_152' title='bbox 1226 1708 1420 1753; x_wconf 83' lang='lat' dir='ltr'>rebatur</span> <span class='ocrx_word' id='word_1_153' title='bbox 1446 1706 1655 1771; x_wconf 82' lang='lat' dir='ltr'>inexpli-</span> 
     </span>
     <span class='ocr_line' id='line_1_23' title="bbox 245 1774 1654 1839; baseline 0.003 -18"><span class='ocrx_word' id='word_1_154' title='bbox 245 1776 419 1834; x_wconf 86' lang='lat' dir='ltr'>cabile,</span> <span class='ocrx_word' id='word_1_155' title='bbox 460 1776 558 1821; x_wconf 83' lang='lat' dir='ltr'>fine</span> <span class='ocrx_word' id='word_1_156' title='bbox 591 1777 693 1823; x_wconf 90' lang='lat' dir='ltr'>ullo</span> <span class='ocrx_word' id='word_1_157' title='bbox 732 1777 930 1839; x_wconf 85' lang='lat' dir='ltr'>pulvere</span> <span class='ocrx_word' id='word_1_158' title='bbox 967 1774 1376 1835; x_wconf 72' lang='lat' dir='ltr'>consummando,</span> <span class='ocrx_word' id='word_1_159' title='bbox 1412 1819 1425 1835; x_wconf 75' lang='grc'><em>,</em></span> <span class='ocrx_word' id='word_1_160' title='bbox 1453 1789 1654 1825; x_wconf 86' lang='lat' dir='ltr'>cunctos</span> 
     </span>
     <span class='ocr_line' id='line_1_24' title="bbox 247 1842 1655 1909; baseline 0.002 -21"><span class='ocrx_word' id='word_1_161' title='bbox 247 1842 467 1904; x_wconf 81' lang='lat' dir='ltr'>admilit,</span> <span class='ocrx_word' id='word_1_162' title='bbox 511 1845 549 1909; x_wconf 69' lang='grc' dir='ltr'>Β)</span> <span class='ocrx_word' id='word_1_163' title='bbox 582 1844 811 1892; x_wconf 81' lang='lat' dir='ltr'>aviditate</span> <span class='ocrx_word' id='word_1_164' title='bbox 842 1847 949 1908; x_wconf 84' lang='lat' dir='ltr'>plus</span> <span class='ocrx_word' id='word_1_165' title='bbox 977 1843 1193 1891; x_wconf 80' lang='lat' dir='ltr'>habendi</span> <span class='ocrx_word' id='word_1_166' title='bbox 1216 1844 1467 1891; x_wconf 77' lang='lat' dir='ltr'>incensus:</span> <span class='ocrx_word' id='word_1_167' title='bbox 1506 1863 1655 1908; x_wconf 82' lang='lat' dir='ltr'>quam</span> 
     </span>
     <span class='ocr_line' id='line_1_25' title="bbox 247 1910 1656 1977; baseline 0.001 -21"><span class='ocrx_word' id='word_1_168' title='bbox 247 1910 557 1959; x_wconf 79' lang='lat' dir='ltr'>adulatorum</span> <span class='ocrx_word' id='word_1_169' title='bbox 582 1913 759 1960; x_wconf 88' lang='lat' dir='ltr'>cohors</span> <span class='ocrx_word' id='word_1_170' title='bbox 790 1916 1026 1977; x_wconf 77' lang='lat' dir='ltr'>augebat,</span> <span class='ocrx_word' id='word_1_171' title='bbox 1070 1912 1125 1959; x_wconf 82' lang='lat' dir='ltr'>id</span> <span class='ocrx_word' id='word_1_172' title='bbox 1148 1913 1244 1960; x_wconf 82' lang='lat' dir='ltr'>line</span> <span class='ocrx_word' id='word_1_173' title='bbox 1267 1912 1417 1960; x_wconf 86' lang='lat' dir='ltr'>modo</span> <span class='ocrx_word' id='word_1_174' title='bbox 1444 1912 1656 1976; x_wconf 67' lang='lat' dir='ltr'>,strepen-</span> 
     </span>
     <span class='ocr_line' id='line_1_26' title="bbox 246 1980 1654 2046; baseline 0.001 -20"><span class='ocrx_word' id='word_1_175' title='bbox 246 1980 396 2040; x_wconf 86' lang='lat' dir='ltr'>tinm,</span> <span class='ocrx_word' id='word_1_176' title='bbox 435 1980 571 2044; x_wconf 85' lang='lat' dir='ltr'>quod</span> <span class='ocrx_word' id='word_1_177' title='bbox 602 1981 807 2029; x_wconf 78' lang='lat' dir='ltr'>externis</span> <span class='ocrx_word' id='word_1_178' title='bbox 841 1983 1011 2046; x_wconf 84' lang='lat' dir='ltr'>sopitis</span> <span class='ocrx_word' id='word_1_179' title='bbox 1031 2019 1043 2042; x_wconf 94' lang='lat'>,</span> <span class='ocrx_word' id='word_1_180' title='bbox 1091 1996 1138 2027; x_wconf 89' lang='lat' dir='ltr'>ct</span> <span class='ocrx_word' id='word_1_181' title='bbox 1163 1981 1348 2045; x_wconf 80' lang='lat' dir='ltr'>ubique</span> <span class='ocrx_word' id='word_1_182' title='bbox 1377 1999 1494 2044; x_wconf 82' lang='lat' dir='ltr'>pace</span> <span class='ocrx_word' id='word_1_183' title='bbox 1520 1999 1654 2028; x_wconf 79' lang='lat' dir='ltr'>eom-</span> 
     </span>
     <span class='ocr_line' id='line_1_27' title="bbox 245 2048 1652 2113; baseline 0.001 -18"><span class='ocrx_word' id='word_1_184' title='bbox 245 2048 427 2112; x_wconf 81' lang='lat' dir='ltr'>polita,</span> <span class='ocrx_word' id='word_1_185' title='bbox 468 2050 755 2113; x_wconf 82' lang='lat' dir='ltr'>proletarios</span> <span class='ocrx_word' id='word_1_186' title='bbox 782 2051 1050 2096; x_wconf 82' lang='lat' dir='ltr'>lucrabitur</span> <span class='ocrx_word' id='word_1_187' title='bbox 1082 2050 1272 2112; x_wconf 85' lang='lat' dir='ltr'>plures,</span> <span class='ocrx_word' id='word_1_188' title='bbox 1330 2062 1378 2095; x_wconf 82' lang='lat' dir='ltr'>et</span> <span class='ocrx_word' id='word_1_189' title='bbox 1425 2049 1652 2097; x_wconf 84' lang='lat' dir='ltr'>tirocinia</span> 
     </span>
     <span class='ocr_line' id='line_1_28' title="bbox 247 2117 1653 2182; baseline 0.001 -19"><span class='ocrx_word' id='word_1_190' title='bbox 247 2135 422 2180; x_wconf 80' lang='lat' dir='ltr'>cogere</span> <span class='ocrx_word' id='word_1_191' title='bbox 454 2118 634 2181; x_wconf 86' lang='lat' dir='ltr'>poterit</span> <span class='ocrx_word' id='word_1_192' title='bbox 657 2117 983 2165; x_wconf 76' lang='lat' dir='ltr'>validissima2-</span> <span class='ocrx_word' id='word_1_193' title='bbox 1006 2135 1175 2164; x_wconf 84' lang='lat' dir='ltr'>aurum</span> <span class='ocrx_word' id='word_1_194' title='bbox 1205 2118 1387 2182; x_wconf 83' lang='lat' dir='ltr'>qnippe</span> <span class='ocrx_word' id='word_1_195' title='bbox 1411 2132 1653 2182; x_wconf 82' lang='lat' dir='ltr'>gratanter</span> 
     </span>
     <span class='ocr_line' id='line_1_29' title="bbox 244 2186 1653 2251; baseline 0.004 -22"><span class='ocrx_word' id='word_1_196' title='bbox 244 2187 569 2249; x_wconf 80' lang='lat' dir='ltr'>provinciales</span> <span class='ocrx_word' id='word_1_197' title='bbox 595 2188 885 2251; x_wconf 85' lang='lat' dir='ltr'>corporibus</span> <span class='ocrx_word' id='word_1_198' title='bbox 905 2187 1117 2246; x_wconf 88' lang='lat' dir='ltr'>dabunt,</span> <span class='ocrx_word' id='word_1_199' title='bbox 1160 2205 1283 2251; x_wconf 85' lang='lat' dir='ltr'>quae</span> <span class='ocrx_word' id='word_1_200' title='bbox 1304 2186 1409 2249; x_wconf 77' lang='lat' dir='ltr'>spes</span> <span class='ocrx_word' id='word_1_201' title='bbox 1437 2205 1538 2234; x_wconf 85' lang='lat' dir='ltr'>rem</span> <span class='ocrx_word' id='word_1_202' title='bbox 1558 2188 1653 2234; x_wconf 81' lang='lat' dir='ltr'>Ro-</span> 
     </span>
    </p>

    <p class='ocr_par' dir='ltr' id='par_1_9' title="bbox 205 2254 1652 2732">
     <span class='ocr_line' id='line_1_30' title="bbox 205 2254 1652 2320; baseline 0.002 -20"><span class='ocrx_word' id='word_1_203' title='bbox 205 2266 232 2310; x_wconf 83' lang='lat'>8</span> <span class='ocrx_word' id='word_1_204' title='bbox 250 2273 441 2301; x_wconf 80' lang='lat' dir='ltr'>ll}ana1n</span> <span class='ocrx_word' id='word_1_205' title='bbox 465 2256 726 2319; x_wconf 75' lang='lat' dir='ltr'>aliquoties</span> <span class='ocrx_word' id='word_1_206' title='bbox 752 2255 1042 2318; x_wconf 77' lang='lat' dir='ltr'>adgravavit.</span> <span class='ocrx_word' id='word_1_207' title='bbox 1117 2254 1330 2302; x_wconf 87' lang='lat' dir='ltr'>Proinde</span> <span class='ocrx_word' id='word_1_208' title='bbox 1352 2256 1478 2303; x_wconf 67' lang='lat' dir='ltr'>vallo</span> <span class='ocrx_word' id='word_1_209' title='bbox 1497 2273 1652 2320; x_wconf 84' lang='lat' dir='ltr'>prope</span> 
     </span>
     <span class='ocr_line' id='line_1_31' title="bbox 247 2322 1651 2388; baseline -0.001 -17"><span class='ocrx_word' id='word_1_210' title='bbox 247 2324 562 2371; x_wconf 85' lang='lat' dir='ltr'>Acimincum</span> <span class='ocrx_word' id='word_1_211' title='bbox 595 2325 772 2385; x_wconf 84' lang='lat' dir='ltr'>locato,</span> <span class='ocrx_word' id='word_1_212' title='bbox 809 2323 1034 2388; x_wconf 78' lang='lat' dir='ltr'>celsoque</span> <span class='ocrx_word' id='word_1_213' title='bbox 1060 2341 1230 2388; x_wconf 78' lang='lat' dir='ltr'>aggere</span> <span class='ocrx_word' id='word_1_214' title='bbox 1260 2324 1309 2369; x_wconf 87' lang='lat' dir='ltr'>in</span> <span class='ocrx_word' id='word_1_215' title='bbox 1334 2322 1545 2388; x_wconf 86' lang='lat' dir='ltr'>speciem</span> <span class='ocrx_word' id='word_1_216' title='bbox 1570 2325 1651 2387; x_wconf 59' lang='lat' dir='ltr'>tri-</span> 
     </span>
     <span class='ocr_line' id='line_1_32' title="bbox 244 2393 1650 2457; baseline 0.001 -19"><span class='ocrx_word' id='word_1_217' title='bbox 244 2393 436 2440; x_wconf 80' lang='lat' dir='ltr'>bunalis</span> <span class='ocrx_word' id='word_1_218' title='bbox 464 2407 651 2450; x_wconf 84' lang='lat' dir='ltr'>erecto,</span> <span class='ocrx_word' id='word_1_219' title='bbox 680 2411 824 2440; x_wconf 88' lang='lat' dir='ltr'>naves</span> <span class='ocrx_word' id='word_1_220' title='bbox 845 2393 1073 2440; x_wconf 75' lang='lat' dir='ltr'>vehentes</span> <span class='ocrx_word' id='word_1_221' title='bbox 1097 2393 1335 2457; x_wconf 83' lang='lat' dir='ltr'>quosdam</span> <span class='ocrx_word' id='word_1_222' title='bbox 1356 2393 1650 2455; x_wconf 81' lang='lat' dir='ltr'>legionarios</span> 
     </span>
     <span class='ocr_line' id='line_1_33' title="bbox 247 2460 1650 2525; baseline 0 -17"><span class='ocrx_word' id='word_1_223' title='bbox 247 2461 525 2525; x_wconf 77' lang='lat' dir='ltr'>expeditos,</span> <span class='ocrx_word' id='word_1_224' title='bbox 574 2464 762 2509; x_wconf 86' lang='lat' dir='ltr'>alveum</span> <span class='ocrx_word' id='word_1_225' title='bbox 794 2462 1008 2508; x_wconf 83' lang='lat' dir='ltr'>fluminis</span> <span class='ocrx_word' id='word_1_226' title='bbox 1036 2462 1312 2525; x_wconf 83' lang='lat' dir='ltr'>proximum</span> <span class='ocrx_word' id='word_1_227' title='bbox 1345 2462 1462 2525; x_wconf 85' lang='lat' dir='ltr'>ripis</span> <span class='ocrx_word' id='word_1_228' title='bbox 1488 2460 1650 2508; x_wconf 82' lang='lat' dir='ltr'>obser-</span> 
     </span>
     <span class='ocr_line' id='line_1_34' title="bbox 247 2528 1648 2595; baseline -0.001 -19"><span class='ocrx_word' id='word_1_229' title='bbox 247 2547 357 2577; x_wconf 83' lang='lat' dir='ltr'>vare</span> <span class='ocrx_word' id='word_1_230' title='bbox 379 2530 487 2577; x_wconf 81' lang='lat' dir='ltr'>sunt</span> <span class='ocrx_word' id='word_1_231' title='bbox 507 2530 675 2592; x_wconf 83' lang='lat' dir='ltr'>iuffae,</span> <span class='ocrx_word' id='word_1_232' title='bbox 721 2550 833 2577; x_wconf 78' lang='lat' dir='ltr'>cuni</span> <span class='ocrx_word' id='word_1_233' title='bbox 863 2532 1153 2579; x_wconf 83' lang='lat' dir='ltr'>Innocentio</span> <span class='ocrx_word' id='word_1_234' title='bbox 1178 2528 1391 2595; x_wconf 77' lang='lat' dir='ltr'>quodam</span> <span class='ocrx_word' id='word_1_235' title='bbox 1412 2530 1648 2591; x_wconf 75' lang='lat' dir='ltr'>agrimen-</span> 
     </span>
     <span class='ocr_line' id='line_1_35' title="bbox 243 2597 1647 2659; baseline 0 -15"><span class='ocrx_word' id='word_1_236' title='bbox 243 2597 351 2645; x_wconf 84' lang='lat' dir='ltr'>sore</span> <span class='ocrx_word' id='word_1_237' title='bbox 391 2600 536 2645; x_wconf 80' lang='lat' dir='ltr'>huius</span> <span class='ocrx_word' id='word_1_238' title='bbox 576 2614 772 2647; x_wconf 86' lang='lat' dir='ltr'>auctore</span> <span class='ocrx_word' id='word_1_239' title='bbox 802 2600 1016 2646; x_wconf 82' lang='lat' dir='ltr'>conlilii:</span> <span class='ocrx_word' id='word_1_240' title='bbox 1051 2614 1129 2659; x_wconf 89' lang='lat' dir='ltr'>ut,</span> <span class='ocrx_word' id='word_1_241' title='bbox 1165 2599 1200 2645; x_wconf 84' lang='lat' dir='ltr'>li</span> <span class='ocrx_word' id='word_1_242' title='bbox 1221 2599 1451 2645; x_wconf 78' lang='lat' dir='ltr'>barbaros</span> <span class='ocrx_word' id='word_1_243' title='bbox 1474 2600 1647 2644; x_wconf 85' lang='lat' dir='ltr'>tumul-</span> 
     </span>
     <span class='ocr_line' id='line_1_36' title="bbox 244 2667 1646 2732; baseline 0.001 -20"><span class='ocrx_word' id='word_1_244' title='bbox 244 2680 379 2714; x_wconf 82' lang='lat' dir='ltr'>tuare</span> <span class='ocrx_word' id='word_1_245' title='bbox 412 2668 678 2730; x_wconf 71' lang='lat' dir='ltr'>se&#39;nliss&#39;ent,</span> <span class='ocrx_word' id='word_1_246' title='bbox 715 2668 941 2715; x_wconf 80' lang='lat' dir='ltr'>aliorsum</span> <span class='ocrx_word' id='word_1_247' title='bbox 974 2669 1186 2715; x_wconf 85' lang='lat' dir='ltr'>intentos</span> <span class='ocrx_word' id='word_1_248' title='bbox 1205 2667 1310 2732; x_wconf 79' lang='lat' dir='ltr'>post</span> <span class='ocrx_word' id='word_1_249' title='bbox 1331 2681 1458 2730; x_wconf 72' lang='lat' dir='ltr'>terga</span> <span class='ocrx_word' id='word_1_250' title='bbox 1482 2685 1646 2731; x_wconf 81' lang='lat' dir='ltr'>perva-</span> 
     </span>
    </p>
   </div>
   <div class='ocr_carea' id='block_1_3' title="bbox 195 687 223 731">
    <p class='ocr_par' dir='ltr' id='par_1_10' title="bbox 195 687 223 731">
     <span class='ocr_line' id='line_1_37' title="bbox 195 687 223 731; textangle 90"><span class='ocrx_word' id='word_1_251' title='bbox 195 687 223 731; x_wconf 65' lang='grc' dir='ltr'>υτ</span> 
     </span>
    </p>
   </div>
   <div class='ocr_carea' id='block_1_4' title="bbox 277 2829 1397 2878">
    <p class='ocr_par' dir='ltr' id='par_1_11' title="bbox 277 2829 1397 2878">
     <span class='ocr_line' id='line_1_38' title="bbox 277 2829 1397 2878; baseline 0 -16"><span class='ocrx_word' id='word_1_252' title='bbox 277 2833 312 2875; x_wconf 83' lang='lat'>7)</span> <span class='ocrx_word' id='word_1_253' title='bbox 346 2829 412 2863; x_wconf 78' lang='grc' dir='ltr'>ΜΓ.</span> <span class='ocrx_word' id='word_1_254' title='bbox 440 2831 641 2866; x_wconf 73' lang='lat' dir='ltr'>Pannonias</span> <span class='ocrx_word' id='word_1_255' title='bbox 670 2833 787 2867; x_wconf 72' lang='lat' dir='ltr'>furtim</span> <span class='ocrx_word' id='word_1_256' title='bbox 814 2829 1009 2868; x_wconf 60' lang='lat' dir='ltr'>vastandas.</span> <span class='ocrx_word' id='word_1_257' title='bbox 1058 2833 1095 2878; x_wconf 83' lang='lat'>8)</span> <span class='ocrx_word' id='word_1_258' title='bbox 1124 2829 1187 2866; x_wconf 88' lang='lat' dir='ltr'>Ms.</span> <span class='ocrx_word' id='word_1_259' title='bbox 1219 2829 1397 2864; x_wconf 72' lang='lat' dir='ltr'>aviditate.</span> 
     </span>
    </p>
   </div>
  </div>
 </body>
</html>
