1727 3144
207 147 304 193 582
404 170 407 172 ·
461 158 733 191 Ammmnx
767 158 1166 191 intuentum
1212 158 1340 202 xxv,
1378 156 1422 191 4.

205 270 352 333 dem,
390 283 580 319 tantum
609 269 699 318 fibi
727 287 981 334 arroganS‚
1020 282 1257 334 quantum
1279 288 1306 318 a
1329 283 1619 335 contemptu

202 339 518 389 etinsolentia
528 339 701 388 distare
715 339 1038 388 existimabat:
1071 339 1249 388 virtute
1261 338 1438 401 senior,
1468 358 1618 405 quam

201 423 383 459 aetate:
416 408 656 458 studiosus
677 409 1019 473 cognitionum
1049 408 1298 470 omnium,
1338 424 1386 458 et
1413 408 1619 458 indecli-

198 479 375 527 nabilis
398 479 656 545 aliquoties
675 478 847 525 iudex:
877 478 916 543 ⁹)
939 475 1111 526 censor
1136 479 1358 527 moribus
1388 477 1615 543 regendis

199 549 491 613 acerrimus,
536 547 784 613 placidus,
828 566 977 612 opum
1009 561 1348 612 contemptor,
1389 547 1617 595 mortalia

196 631 374 665 cuncta
395 617 667 682 despiciens
687 637 696 665 ε
736 617 978 681 postremo
1001 616 1053 663 id
1075 618 1412 681 praedicabat,
1453 620 1617 680 Turpe

195 688 543 751 effij‘dpienti,
580 706 690 736 cam
719 688 897 734 habeat
925 689 1149 734 animum
1163 723 1179 744 ,
1216 697 1425 751 captare
1451 689 1619 745 laudes

197 775 259 804 ex
277 773 500 819 corpore.
1447 776 1461 779 *⁷

151 836 179 881 8
298 825 493 881 Quibus
527 839 689 873 autem
727 823 935 871 iustitiae
967 823 1194 871 inclaruit
1234 824 1409 881 bonis,
1461 824 1616 871 muita

192 893 493 958 fignificant:
524 895 712 958 primo,
757 892 896 957 quod
930 907 1031 940 erat
1062 910 1151 957 pro
1179 911 1343 940 rerum
1376 907 1422 940 et
1455 893 1617 941 homi-

193 982 314 1011 num
338 963 652 1010 distinctione
672 960 771 1007 fine
796 960 1084 1008 crudelitate
1116 962 1375 1010 terribilis:
1414 961 1613 1024 deinde,

195 1031 334 1097 quod
366 1048 637 1095 paucorum
681 1028 963 1075 discrimine
1000 1029 1117 1076 vitia
1154 1030 1449 1079 cohibebat:
1506 1046 1615 1079 tum

195 1116 387 1157 autem,
437 1098 572 1162 quod
602 1098 881 1144 minabatur
910 1097 1041 1144 ferro
1072 1099 1236 1160 potius
1272 1118 1418 1164 quam
1444 1102 1616 1148 uteba-

148 1185 175 1227 9
198 1183 286 1216 tur.
359 1168 637 1226 Postremo,
671 1180 726 1212 ut
754 1167 902 1212 muita
927 1179 1252 1229 praeteream,
1287 1169 1470 1216 constat
1499 1187 1614 1217 eum

194 1238 244 1283 in
265 1251 460 1301 apertos
481 1236 669 1301 aliquos
694 1234 923 1281 inimicos
945 1233 1250 1284 infidiatores
1277 1235 1388 1283 suos
1411 1237 1476 1284 ita
1496 1256 1613 1286 con-

191 1305 442 1354 surrexiffe
470 1303 744 1361 mitiffime,
779 1317 834 1349 ut
880 1320 1151 1366 poenarum
1190 1304 1495 1371 asperitatem
1535 1326 1614 1373 ge-

194 1374 343 1422 nuina
362 1374 676 1423 lenitudine¹
680 1374 721 1438 ⁰)
748 1373 947 1436 caltigai
952 1385 1014 1420 et

121 1466 175 1492 ιι)
291 1442 657 1492 Fortitudinem
712 1442 1035 1491 cettaminum
1089 1442 1350 1505 crebiitas,
1399 1432 1611 1511 ususque

194 1512 442 1561 bellorum
463 1513 695 1573 ostendit,
728 1525 775 1559 et
798 1512 1027 1575 patientia
1045 1512 1282 1576 frigorum
1304 1514 1610 1578 immanium,

193 1596 242 1629 et
262 1584 470 1630 fervoris
495 1599 711 1647 quoque.
797 1581 1032 1645 Coipoiis
1062 1600 1238 1628 munus
1269 1601 1294 1629 a
1323 1583 1506 1645 milite,
1547 1588 1608 1633 ab

189 1650 489 1716 imperatoie
524 1669 641 1699 vero
675 1651 824 1698 animi
858 1650 1087 1714 poluitur.
1169 1651 1280 1709 Ipse
1310 1665 1500 1700 trucem
1520 1654 1609 1702 ho-

190 1718 310 1766 stem
341 1721 443 1768 ictu
473 1720 691 1768 confecit
723 1718 955 1767 audam-ci
988 1719 1294 1784 congressus,
1335 1739 1389 1768 ac
1421 1722 1606 1771 nostios

190 1788 421 1840 cedentes
463 1791 660 1838 obiecto
705 1804 902 1855 pecto1e
942 1786 1028 1836 suo
1081 1790 1340 1854 aliquoties
1377 1793 1607 1841 conibuit

186 1855 346 1904 solus:
377 1876 625 1924 regnaque
662 1859 929 1906 fulentium
964 1860 1324 1906 Germanorum
1359 1859 1603 1924 excidens,

190 1927 315 1973 etin
348 1927 550 1990 pulvere
586 1941 818 1990 vaporato
858 1926 1092 1988 Perfidis,
1131 1929 1340 1991 augebat
1368 1928 1603 1978 fiduciam

115 2016 163 2045 11
190 1994 359 2042 militis
390 1993 627 2042 dimicans
663 1995 789 2041 inter
820 1995 1021 2057 primos.
1103 1995 1420 2042 Castrenfium
1458 2015 1603 2061 nego-

187 2063 372 2110 tiorum
398 2062 642 2110 scientiam
668 2063 807 2126 plura
829 2061 1077 2109 declarant
1096 2077 1143 2110 et
1163 2077 1300 2110 nota:
1346 2065 1602 2115 civitatum

188 2132 580 2209 oppugnationes
614 2146 661 2179 et
692 2131 996 2179 castellorum
1029 2131 1155 2179 inter
1188 2131 1318 2196 iplos
1359 2133 1601 2183 discrimi-

186 2219 307 2248 num
336 2201 570 2262 vertices,
611 2200 738 2248 acies
766 2202 919 2265 figura
950 2200 1243 2248 multifoimi
1282 2203 1597 2268 eompofitae,

184 2267 443 2318 salubiiter
475 2284 522 2318 ct
548 2284 685 2318 caute
718 2269 868 2317 calna
896 2283 1099 2330 metata,
1146 2284 1485 2334 piaetenturae
1511 2273 1599 2321 sta-

110 2360 165 2392 12
187 2339 444 2404 tionesque
469 2339 679 2405 agrariae
699 2339 814 2386 tutis
842 2339 1113 2386 lationibus
1146 2338 1414 2389 ordinatae.
1495 2343 1597 2389 Au-

183 2409 384 2458 ctoritas
408 2409 532 2456 adeo
554 2408 731 2469 valuit,
766 2422 822 2456 ut
854 2407 1060 2456 dilectus
1095 2408 1347 2469 ardffimc,
1388 2409 1506 2457 dum
1536 2411 1596 2458 ti-

183 2493 369 2539 metur,
402 2496 458 2526 ac
475 2477 512 2525 li
535 2477 866 2543 periculorum
891 2476 1049 2525 socius
1074 2490 1120 2526 ct
1144 2477 1398 2538 laborum,
1445 2492 1493 2526 et
1522 2480 1594 2526 in·-

182 2562 255 2600 ter
278 2548 668 2598 concertationes
696 2547 953 2595 acerrimas
980 2545 1299 2595 animadverti
1327 2547 1517 2595 iuberet
1540 2548 1593 2596 in

185 2619 399 2683 dclide53
434 2634 481 2668 et
502 2617 673 2669 Caesar
693 2616 880 2679 adhuc,
908 2615 1006 2665 [ine
1024 2615 1266 2681 stipendio
1291 2630 1480 2680 regeret
1507 2617 1592 2666 mi-

62 307 73 329 ‹

225 2789 261 2832 9)
284 2783 352 2820 Ms.
382 2783 563 2823 censoriis.
624 2786 680 2832 ιο)
705 2783 757 2818 al.
785 2778 978 2828 vestigaret.
