1727 3144
151 226 496 274 tiquiswratoribus
518 237 666 268 ienens;
700 227 785 262 Vol.
805 228 863 263 VI.
897 236 933 263 et
959 227 1147 267 ultimum,
1183 240 1225 263 ex
1252 225 1391 274 scriptis
1419 226 1499 260 rhe-

148 274 273 309 toricis
315 282 350 307 et
381 274 511 307 criticis
547 272 733 320 epistolam
769 275 923 321 primam
960 274 1006 309 ad
1033 278 1275 313 Ammaeum,
1321 273 1419 319 epist.
1451 271 1498 306 ad

149 321 218 355 Cn.
252 319 488 365 Pompeium,
537 318 636 367 epist'.
676 321 820 355 secund.
863 321 909 356 ad
946 325 1188 357 Ammaeum‚
1242 320 1416 355 iudicium
1451 319 1497 352 de

154 365 386 411 Thucydides
412 365 580 404 historiis,
613 378 647 401 et
673 366 803 402 librum
830 367 874 402 de
901 367 1110 402 admiranda
1136 367 1169 400 vi
1197 366 1338 401 dicendi
1364 368 1401 400 in
1422 366 1497 398 De-

147 409 338 456 mosthene
372 423 506 447 tenens.
557 413 697 458 Quibus
729 413 946 450 accesserunt
977 414 1130 449 Indices.
1165 415 1197 448 8.
1219 413 1306 447 mai.
1355 411 1496 459 Lipfiae

90 491 92 497 ,
151 463 362 504 ι774-77.
478 473 479 476 “
768 494 777 503 ,μ
1354 457 1495 493 16thlr.

100 506 262 554 Epicteti
294 504 467 539 Manuale
507 513 542 538 et
575 504 717 539 Cebetis
752 505 907 541 Tabula.
958 506 1099 541 Graece
1123 512 1158 538 et
1185 502 1307 540 latine.
1355 505 1495 539 Graeca

146 553 191 587 ad
217 550 326 584 fidem
352 562 511 584 veterum
540 549 711 585 librorum
739 551 858 587 denuo
890 552 1065 587 recensuit
1093 561 1127 587 et
1159 551 1289 586 collata
1319 551 1418 585 omni
1447 551 1495 584 le-

146 597 276 633 ctionis
314 598 482 631 varietate
522 597 715 632 vindicavit
750 598 1028 645 illustravitque3
1084 601 1249 633 Latinam
1287 595 1494 637 versionem,

143 643 343 679 Enchiridii
372 643 600 690 praesertim,
644 644 691 677 ad
720 656 834 689 graec.
867 646 1020 692 exempli
1057 645 1317 693 praescriptum
1347 644 1497 689 diligen*

142 702 198 726 ter
241 691 452 736 recognovit
491 701 526 725 et
569 690 771 725 emendavit
810 691 935 725 Ioann.
970 691 1303 738 Schweighaezfi’r.
1354 698 1386 731 8.
1411 688 1495 723 mai.

61 775 66 781 ἡ
145 744 246 784 ¹798·
1256 748 1278 771 2
1299 735 1380 770 thlr.
1404 743 1425 776 8
1446 748 1497 782 gr.

95 800 142 809 -—
165 805 211 811 -
245 782 347 815 Idem
371 781 482 821 liber,
518 781 640 814 charta
666 779 863 825 scriptoria.
1377 784 1399 823 3
1416 782 1497 817 thir.

94 847 141 854 —
163 848 209 855 —
240 827 343 861 Idem
370 827 479 866 liber,
512 825 636 858 charta
661 823 809 869 belgica.
882 857 900 862 ,,
1371 833 1396 870 4
1417 828 1498 861 thlr.

94 891 142 901 --
167 891 213 900 --
239 871 340 906 Idem
367 872 480 909 liber,
517 869 639 903 charta
667 881 884 917 pergamena
913 869 1194 919 (Velinpapier).
1371 881 1393 914 5
1412 872 1496 907 thlr.

94 937 140 946 —-
165 920 211 946 -'--
241 917 343 952 Idem
371 917 482 954 liber,
514 928 650 962 graece
676 925 711 950 et
741 916 871 950 latine.
919 917 1114 953 Recensuit
1140 916 1348 966 curavitque
1372 919 1499 953 Ioann-

144 963 478 1010 Schweighaeuser.
521 974 573 996 12.
591 961 675 995 mai.
715 970 814 1008 1798,
1387 976 1428 1000 12
1447 978 1496 1010 gr.

95 1032 140 1039 —-
166 1032 211 1037 —
235 1010 338 1044 Idem
362 1010 469 1047 liber,
504 1008 628 1042 charta
650 1007 849 1055 scriptoria.
1380 1014 1422 1046 16
1443 1025 1493 1057 gr.

95 1076 139 1084 ——
164 1077 210 1083 ——
239 1056 340 1091 Idem
368 1056 474 1093 liber,
503 1055 625 1089 charta
648 1055 795 1100 belgica.
1374 1071 1387 1090 1
1408 1048 1492 1092 tiilr.

95 1121 140 1129 -
166 1120 210 1129 —
238 1103 337 1137 Idem
364 1101 473 1140 liber,
509 1114 655 1147 graece,
705 1102 759 1135 Ad
790 1100 898 1136 fidem
925 1111 1085 1137 veterum
1110 1101 1285 1137 librorum
1318 1103 1497 1138 recensuit

141 1151 192 1183 Io.
216 1149 549 1195 Schwez'glmezgfer.
588 1160 639 1181 12.
679 1156 777 1194 1798.
1406 1152 1428 1184 6
1446 1164 1495 1197 gr.

96 1215 142 1222 —-
165 1215 210 1222 —
243 1196 343 1230 Idem
367 1195 475 1233 liber,
513 1195 636 1228 charta
658 1194 812 1241 belgica.
1381 1208 1423 1228 10
1445 1203 1494 1242 gr.

94 1259 140 1268 --
169 1261 212 1267 —-
247 1242 547 1276 Dissertationum
585 1240 628 1274 ab
663 1242 812 1276 Arriano
852 1239 1063 1287 digestarum
1100 1240 1180 1275 libri
1213 1241 1276 1276 IV.
1322 1242 1495 1277 Eiusdem

140 1287 375 1322 Enchiridion
421 1298 455 1321 et
489 1300 530 1321 ex
561 1286 755 1333 deperditis
795 1287 1016 1322 sermonibus
1054 1290 1275 1336 Fragmenta.
1325 1288 1410 1323 Post
1442 1291 1491 1322 Io.

145 1335 281 1381 Uptoni
313 1335 528 1381 plerumque
565 1346 665 1368 curas
700 1335 820 1369 denuo
855 1334 900 1368 ad
935 1334 1114 1369 Codicum
1147 1335 1346 1380 Msptorum
1382 1336 1490 1369 fidem

138 1380 334 1421 recensuit,
369 1380 477 1413 latina
508 1379 684 1419 versione,
728 1380 1045 1420 adnotationibus,
1090 1380 1270 1417 indicibus
1309 1382 1493 1416 illustrat-it

142 1428 194 1461 Io.
215 1426 548 1472 Scltweiglzczezgfhr.
586 1426 636 1460 III
657 1427 864 1461 Volumina.
898 1437 930 1467 ὅ.
953 1428 1036 1460 mai.
1066 1439 1164 1473 ¹799·
1348 1440 1387 1463 12
1409 1428 1489 1463 thlr.

94 1490 139 1501 —
162 1494 208 1500 —-
238 1473 339 1508 Idem
365 1473 473 1510 liber,
511 1473 634 1507 charta
658 1472 804 1519 belgica.
1344 1487 1388 1508 20
1410 1475 1490 1509 thlr.

596 1519 724 1552 Etiam
746 1519 822 1564 suh
850 1524 879 1551 ti
899 1520 983 1551 nlo.-
1489 1530 1493 1537 ·

56 1594 61 1596 ,
92 1565 307 1609 Epicteteae
330 1564 586 1612 Philosophiae
609 1566 860 1599 Monuinenta.
896 1567 943 1598 III
962 1564 1168 1598 Volumina.
1203 1572 1224 1603 8
1246 1565 1326 1598 mai.

93 1613 249 1645 Homeri
276 1612 447 1646 Carmina
475 1624 556 1645 cum
581 1611 677 1646 brevi
702 1612 959 1649 annotatione,
998 1612 1173 1646 accedunt
1206 1614 1321 1645 variae
1349 1611 1490 1645 Lectio-

138 1670 202 1691 nes
228 1666 263 1691 et
291 1658 564 1693 Observationes
593 1669 752 1693 veterum
781 1658 1110 1692 Grammaticorum
1148 1670 1230 1691 cum
1262 1657 1401 1691 nostrae
1435 1670 1493 1691 ae-

137 1704 221 1739 tatis
251 1703 407 1745 Critica,
448 1703 584 1749 curavit
605 1705 647 1739 C.
675 1705 719 1739 G.
746 1706 885 1751 Hrpne.
925 1706 1032 1739 Tom.
1057 1706 1207 1738 I—VIII.
1241 1704 1369 1751 quibus
1404 1716 1491 1737 con-

137 1751 297 1785 tinentur
330 1753 447 1789 Ilias,
495 1763 618 1796 graece
649 1762 684 1785 et
716 1751 847 1787 latine.
894 1762 929 1785 et
961 1752 1075 1785 variae
1102 1750 1274 1784 lectiones
1307 1761 1341 1784 et
1374 1749 1492 1784 obser-

137 1796 298 1830 vationes
332 1799 368 1830 in
398 1797 567 1835 Iliadem,
607 1809 688 1831 cnm
725 1798 942 1831 ornamentis
975 1798 1147 1831 XXVIII.
1180 1799 1251 1832 aeri
1284 1796 1419 1836 incisis,
1455 1807 1491 1831 et

134 1843 399 1890 Speciminibus
422 1843 540 1878 Codd.
564 1844 670 1878 MSS.
691 1844 734 1877 V.
762 1851 794 1884 8.
810 1844 891 1878 mai.
920 1851 1020 1884 1802.
1056 1844 1178 1878 charta
1198 1843 1314 1892 script.
1347 1851 1391 1884 50
1404 1842 1487 1877 thlr.

88 1910 133 1916 —-
157 1907 202 1916 -—-
231 1888 333 1923 Idem
358 1890 467 1931 liber,
504 1890 627 1924 charta
652 1889 803 1936 belgica,
1341 1892 1385 1925 50
1406 1888 1487 1923 thlr.

89 1956 132 1962 —
157 1954 202 1962 —
233 1934 335 1970 Idem
361 1935 470 1978 liber,
504 1936 578 1970 fine
607 1937 847 1976 ornamentis,
885 1936 1010 1970 charta
1036 1935 1192 1982 impress.
1342 1947 1387 1968 20
1407 1933 1488 1968 tlilr.

86 2001 131 2007 —-
155 2002 201 2007 —
235 1981 339 2022 Ilias,
369 1995 448 2016 cum
473 1981 571 2016 brevi
598 1983 830 2017 annotatione
855 1992 1003 2028 curante
1029 1982 1072 2017 C.
1093 1982 1137 2016 G.
1160 1983 1306 2027 Hryne,
1346 1994 1364 2013 2
1387 1980 1489 2015 tomi.

133 2034 167 2067 8.
188 2028 274 2061 mai.
309 2035 407 2070 1804.
446 2029 569 2063 charta
596 2028 747 2074 belgica.
1340 2039 1381 2059 ιο
1403 2027 1485 2061 thir.

86 2092 132 2103 -·
155 2093 201 2099 -—-
225 2073 326 2108 Idem
351 2073 460 2116 liber,
495 2074 617 2107 charta
637 2074 837 2120 scr1ptoria.
1359 2073 1381 2106 6
1401 2072 1484 2106 thlr.

90 2138 136 2145 —-
162 2137 205 2146 —
233 2119 335 2154 Idem
362 2119 467 2157 liber,
499 2119 621 2153 charta
648 2119 803 2166 impress.
1359 2125 1381 2161 4
1402 2117 1487 2154 thir.

89 2185 133 2192 --—
158 2183 203 2190 -
228 2167 360 2212 Hymni
385 2176 419 2199 et
440 2165 859 2211 Batrachomyomachia.
887 2165 1024 2199 Graece
1047 2173 1081 2197 et
1102 2162 1241 2197 Latine.
1278 2163 1485 2206 Recensuif,

133 2211 302 2247 varietate
336 2211 498 2247 lectionis
534 2211 696 2246 instruxit
733 2223 768 2246 et
799 2213 1054 2258 interpretatus
1088 2209 1137 2244 est
1165 2211 1250 2256 Aug.
1278 2211 1484 2246 [Ua-[chiae.

131 2258 280 2293 Accedit
305 2260 510 2292 Auctarium
538 2258 897 2293 animadverlionum.
925 2259 957 2292 8.
973 2257 1057 2290 mai.
1089 2263 1186 2298 ¹805·
1260 2269 1273 2288 ι
1290 2254 1372 2291 thir.
1388 2263 1411 2299 4
1430 2257 1490 2304 ἓν(

89 2323 133 2331 -
158 2324 203 2331 -—-
233 2305 335 2339 Idem
360 2305 467 2344 liber,
499 2304 622 2339 charta
647 2305 842 2351 scriptoria.
1250 2313 1262 2334 1
1279 2302 1360 2337 thlr.
1379 2317 1481 2351 mgr.

200 2351 425 2396 (Videantur
447 2350 640 2384 Matthiae
664 2350 850 2386 Animadv.
878 2350 914 2384 in
937 2350 1088 2395 hymnos
1116 2349 1364 2386 Homericos.)

87 2414 132 2423 ——
157 2413 204 2422 ·-—
233 2399 395 2444 Hymnus
431 2397 468 2431 in
499 2397 686 2437 Cererem
730 2397 776 2432 ad
804 2397 918 2432 codic.
946 2397 1105 2430 Moscov.
1146 2395 1264 2428 denuo
1302 2394 1385 2429 coll.
1425 2408 1484 2430 re.-

133 2443 270 2480 censuit
304 2455 340 2480 et
375 2443 605 2479 animadvers.
638 2443 824 2479 illustravit
853 2442 981 2478 Christ.
1013 2441 1113 2476 Guil.
1140 2441 1408 2486 JWigsL-herliclz.
1449 2450 1480 2482 8,

136 2497 235 2532 1787.
905 2506 909 2510 ·
1366 2500 1410 2522 20
1431 2500 1480 2533 gr.

90 2534 301 2574 Matthiae,
340 2537 453 2584 Aug.,
489 2535 818 2572 Animadverfiones
856 2536 892 2569 in
930 2535 1091 2580 Hymnus
1124 2534 1352 2574 Homericos,
1397 2547 1480 2568 cum

132 2582 400 2630 prolegomenis
439 2583 484 2618 de
519 2584 691 2631 cuiusque
729 2581 898 2624 consilio,
939 2580 1125 2629 partibus,
1162 2590 1290 2615 aetate.
1338 2587 1369 2620 8.
1398 2581 1480 2614 mai.

137 2635 234 2668 1800.
1228 2638 1240 2659 1
1264 2625 1345 2660 thlr.
1370 2628 1409 2661 18
1432 2639 1482 2673 gr.

88 2691 131 2699 -
156 2692 202 2701 --
233 2674 336 2710 Idem
362 2674 472 2717 liber,
506 2675 630 2711 charta
653 2674 845 2722 scriptoria.
1220 2685 1239 2710 2
1263 2671 1345 2708 thlr.
1369 2684 1410 2707 12
1428 2685 1480 2720 gr.
