1727 3144
1335 176 1363 187 ‚r

467 182 845 215 IULIANUS.
917 170 1038 216 562:
1333 191 1432 237 007

25 293 221 354 inflent,
251 291 432 356 femina
456 291 632 341 callida
658 291 846 357 semper
866 293 917 340 in
937 292 1161 354 fraude8‚
1193 295 1435 345 sollemni.

24 382 109 411 um
141 363 299 427 specie
328 362 581 424 feriarum,
634 361 808 409 iisdem
853 362 1126 426 publicanis
1166 362 1329 410 secum
1367 367 1430 414 ad

22 432 297 480 suburbana
319 431 590 495 perductis,
626 449 748 496 opus
768 431 960 479 iufferat
986 431 1265 496 irrequietis
1293 434 1428 481 labo-

21 502 157 549 ribus
181 499 529 548 consummari:
567 515 615 548 et
635 500 820 565 septem
839 499 1012 548 diebus
1038 500 1248 548 totidem
1274 501 1427 550 stadia

21 570 236 618 molibus
271 570 408 616 iactis
440 570 489 617 in
523 587 681 630 mare,
735 568 840 617 solo
875 570 1232 635 propinquanti
1265 583 1427 618 terrae

18 637 130 686 sunt
152 637 409 686 vindicata.
481 638 595 694 Quo
618 656 731 698 cum
750 638 980 686 ‹vehiculo
1005 638 1235 702 iugi-effa,
1267 656 1428 687 errare

20 708 87 754 ait
119 707 366 769 Rhodios,
403 705 667 753 insularum
694 724 794 754 non
822 708 1119 756 continentis
1146 709 1427 772 portorium

19 776 306 842 flagitantes.

118 842 210 891 His
230 839 468 891 accedunt
488 841 594 891 altis
615 840 802 892 sublata
823 840 1021 909 fastigiis
1041 843 1247 910 templa·
1229 883 1250 923 .’
1292 844 1496 893 interm

17 931 142 978 quae
177 913 358 960 eminet
396 913 768 978 ¹²)Se1apeum‚
817 915 979 979 quod,
1024 914 1140 962 licet
1174 915 1424 962 minuatur

17 983 228 1031 exilitate
268 983 555 1043 verborum,
596 983 728 1031 atriis
768 996 931 1032 tamen
971 984 1287 1031 columnariis
1325 1003 1423 1030 am-

15 1051 258 1117 ·plillimis‚
289 1065 335 1098 et
361 1050 652 1115 spirantibus
677 1052 925 1115 lignorum
953 1053 1223 1116 figmentis,
1270 1066 1318 1099 et
1349 1071 1424 1100 re-

12 1122 149 1183 liqua
172 1137 376 1183 operum
398 1120 712 1168 multitudine
733 1121 798 1167 ita
820 1121 885 1168 eft
907 1134 1208 1181 exornatum,
1244 1135 1299 1168 ut
1319 1121 1424 1184 post

18 1190 343 1253 Capitolium,
381 1207 480 1253 quo
507 1188 554 1236 se
589 1189 878 1237 venerabilis
907 1190 1063 1236 Roma
1091 1190 1138 1235 in
1170 1204 1423 1237 aeternum

15 1258 221 1321 attollit,
268 1257 394 1304 nihil
443 1258 574 1304 oibis
618 1272 853 1305 terrarum
897 1258 1198 1306 ambitiolius
1236 1273 1417 1305 cernat.

14 1330 83 1376 In
101 1345 200 1390 quo
231 1325 562 1373 bibliothecae
597 1326 792 1373 fuerunt
826 1327 1223 1373 inaestimabiles:
1273 1344 1320 1374 et
1350 1329 1422 1375 lo-
1443 1335 1498 1381 ιδ

18 1397 185 1461 quitur
233 1407 665 1442 monumentorum
713 1409 930 1442 vetetum
977 1396 1240 1443 concinens
1280 1396 1423 1458 fides²

14 1465 317 1528 septingenta
351 1462 657 1509 voluminum
685 1464 863 1521 millia,
907 1464 1195 1511 Ptolemaeis
1229 1465 1425 1527 legibus

15 1533 195 1597 vigiliis
216 1531 414 1578 intentis
437 1530 702 1594 compofita
717 1568 729 1591 ,
761 1533 892 1578 bello
914 1534 1264 1594 Alexandrino,
1302 1535 1424 1580 dum

18 1601 247 1665 di1ipitu1
266 1601 435 1646 civitas
460 1598 547 1645 sub
570 1598 807 1646 dictatme
830 1599 1059 1657 caelare,
1092 1602 1418 1665 conllaglaffe.

115 1672 169 1736 ¹³)
193 1658 420 1731 Canopus
441 1666 556 1714 inde
581 1666 879 1715 duodecimo
905 1668 1198 1733 disiungitui
1227 1669 1421 1734 lapide:
1446 1674 1499 1729 14

20 1758 185 1805 quein,
212 1752 265 1784 ut
286 1734 470 1801 priscae
491 1736 756 1784 memoriae
777 1736 991 1798 tradunt,
1024 1737 1234 1785 Menelai
1239 1739 1430 1815 ’guber-

15 1807 391 1871 n·1t01·lepultus
410 1805 481 1851 ibi
501 1805 886 1869 cognominavit.
956 1806 1247 1854 Hactenus
1236 1826 1425 1884 insipen-

19 1879 104 1925 dio
137 1878 274 1924 locus
303 1889 349 1922 ct
383 1872 659 1921 diveisoriis
693 1875 830 1921 laetis
867 1875 1158 1937 exstructus,
1207 1878 1334 1924 auris
1376 1891 1425 1924 et

13 1944 211 1995 saluta1i
234 1956 619 2007 tempetamento
642 1944 934 2006 pelssabilis:
966 1945 1032 1991 ita
1054 1959 1107 1991 ut
1126 1959 1256 1992 extra
1285 1965 1424 1993 mun-

20 2017 136 2064 dum
159 2013 376 2060 nostrum
396 2010 577 2060 morari
600 2009 649 2059 se
670 2013 928 2077 quisquam
956 2014 1218 2061 arbitretur
1244 2015 1294 2060 in
1329 2015 1424 2061 illis

17 2083 251 2133 tractibus
286 2098 458 2145 agens,
498 2099 611 2127 cum
643 2079 784 2145 saepe
816 2081 983 2146 aprico
1013 2082 1187 2147 spiritu
1225 2085 1425 2131 immur-

16 2166 263 2203 murantes
282 2148 491 2196 audierit
511 2163 696 2196 ventos.

117 2219 218 2268 Sed
240 2215 534 2265 Alexandria
555 2217 654 2282 ipsa
674 2236 774 2266 non
792 2214 961 2277 senfim
976 2254 992 2277 ,
1026 2235 1081 2267 ut
1108 2220 1228 2268 aliae
1256 2219 1418 2278 urbes,
1442 2222 1496 2268 15

19 2290 106 2339 sed
137 2290 262 2336 inter
294 2287 430 2332 initia
460 2286 614 2349 prima
648 2301 786 2334 aucta
820 2306 904 2352 per
930 2287 1164 2351 spatiosos
1193 2289 1419 2346 ambitus,

19 2358 321 2421 internisque
344 2354 666 2401 seditionibus
696 2355 782 2402 diu
808 2356 971 2420 aspere
1001 2359 1223 2420 fatigata,
1261 2357 1321 2402 ad
1350 2355 1422 2401 ul-

21 2428 194 2477 tin‘mm
217 2424 381 2472 multis
409 2423 511 2487 post
534 2424 671 2470 annis
699 2425 964 2473 Aureliano
992 2426 1254 2489 imperium
1283 2441 1422 2487 agen-

24 2511 99 2554 te,
135 2492 561 2555 civilibusliurgiis
594 2492 655 2538 ad
681 2494 945 2541 certamina
985 2493 1278 2540 interneciva
1310 2509 1423 2555 pro-

19 2564 190 2630 lapfis,
227 2562 499 2625 dirutisque
521 2561 805 2624 moenibus,
848 2562 1002 2611 amilit
1032 2561 1242 2626 regionis
1274 2560 1422 2608 maxi-

707 2631 817 2679 V2

389 2704 614 2714 .—-———

75 2794 137 2839 xz)
161 2792 228 2827 Ms-
254 2793 485 2841 Serapaeum.
542 2795 600 2840 13)
627 2790 695 2828 ΜΓ.
724 2787 898 2825 Canifius⁴
