1727 3144
240 128 336 173 464
478 139 745 172 AMMIANI
785 139 1176 170 MARCELLINI
1217 139 1402 186 xxvm,
1465 143 1504 171 ι.

189 262 219 291 2
243 250 444 298 delictis.
516 248 591 296 Ac
613 249 726 295 licet
752 248 812 294 ab
828 261 961 294 textu
988 261 1190 294 cruento
1219 247 1459 311 gestorum
1483 250 1647 314 exqui-
1701 271 1705 289 ¹«

239 319 324 366 lite
344 317 583 366 narrando
599 355 612 379 7
650 317 796 363 iustus
827 334 904 363 me
936 316 1203 363 retraheret
1230 331 1386 364 metus
1407 319 1557 364 multa
1580 336 1651 365 re-

238 402 487 452 putantem
510 401 555 434 et
574 386 731 441 varia3
767 399 926 431 tamen
945 384 1205 449 praesentis
1229 387 1460 450 temporis
1482 387 1648 434 mode-

239 457 322 505 stia
348 458 513 515 fretus,
544 455 766 518 carptim,
788 468 841 499 ut
860 472 1082 518 quaeque
1103 455 1338 501 memoria
1354 456 1499 519 digna
1522 455 1647 516 sunt,

241 526 538 590 explanabo:
585 541 674 570 nec
711 523 897 586 pigebit
930 521 1048 586 quid
1083 541 1137 569 ex
1171 523 1276 583 his,
1314 525 1348 587 ¹)
1372 543 1494 588 quae
1517 525 1649 587 apud

211 637 213 641 .
241 610 425 642 veteres
455 591 747 652 acciderint,
794 591 834 656 ²)
871 591 1146 648 timuerim,
1189 590 1366 640 docere
1387 593 1647 641 succinctet

193 666 220 709 3
241 664 380 710 Bello
415 661 611 710 Medico
637 661 794 724 primo
816 679 927 705 cum
951 660 1255 724 diripuissent
1276 659 1439 708 Aliam
1461 662 1650 724 Persae,

242 732 516 779 obsidentes
538 731 573 795 ³)
596 729 822 775 Miletum
849 729 1060 775 molibus
1084 729 1286 793 magnis,
1313 731 1650 794 minantesque

244 800 580 847 defensoribus
608 797 896 845 cruciabiles
929 815 1099 854 neceS,
1138 798 1347 846 iniecere
1381 800 1550 847 claulis
1571 819 1653 848 ne-

241 870 518 928 cellitatem,
552 882 606 914 ut
625 884 792 913 omnes
813 865 1147 928 magnitudine
1178 867 1416 914 malorum
1448 866 1650 933 adflicti,

240 938 507 1001 peremptis
531 935 808 981 caritatibus
832 934 1058 996 propriis,
1083 935 1399 1000 proiectoque
1424 936 1652 1000 inignem
1697 944 1704 951 ⁸

241 1007 417 1053 mobili
458 1002 626 1062 censu,
686 999 873 1046 arsuros
911 1000 958 1046 se
990 1002 1210 1048 certatim
1244 1021 1562 1069 congererent
1598 1008 1650 1055 in

191 1085 553 1140 4communem
592 1068 836 1134 pereuntis
879 1070 1062 1132 patriae
1102 1088 1290 1134 rogum.
1369 1074 1481 1121 Hoc
1515 1094 1652 1139 argu-

241 1156 461 1190 mentum
512 1139 676 1203 paullo
727 1137 889 1201 postea
937 1137 1172 1202 digestum
1225 1153 1416 1190 tumore
1468 1146 1651 1209 tragico

240 1210 548 1275 Phrynichus
570 1209 620 1253 iu
641 1207 880 1253 theatrum
905 1206 1155 1254 induxerat
1174 1209 1495 1258 Athenarum:
1524 1214 1657 1276 paul-

240 1281 487 1344 lisper-que
521 1274 733 1323 iucunde
764 1275 982 1337 auditus,
1016 1294 1124 1324 cum
1160 1278 1198 1342 ⁴)
1219 1277 1553 1327 cothurnatius
1580 1283 1657 1329 stis

243 1350 319 1396 lus
353 1346 641 1413 procederet
672 1344 978 1407 lacrimosus,
1031 1346 1368 1410 indignatione
1400 1347 1654 1398 damnatus

246 1418 310 1466 est
349 1416 543 1482 populi,
590 1414 839 1471 arbitrati,
895 1433 991 1462 non
1024 1415 1309 1462 consolandi
1341 1418 1514 1481 gratia,
1569 1418 1655 1467 sed

242 1486 480 1552 probrose
505 1483 766 1543 monendi,
800 1502 919 1548 quae
943 1485 1206 1548 pertulerat
1228 1487 1447 1533 amabilis
1469 1488 1655 1547 civitas,

243 1556 389 1604 nullis
421 1569 675 1601 auctorum
710 1552 1017 1600 adminiculis
1049 1555 1194 1614 fulta,
1226 1554 1316 1601 hos
1342 1574 1539 1621 quoque
1568 1557 1656 1605 do-

245 1626 373 1672 lores
397 1623 598 1672 scenicis
628 1620 956 1669 adnumerasse
987 1623 1160 1669 fabulis
1189 1622 1466 1672 insolenter.
1536 1626 1654 1674 Erat

247 1694 376 1740 enim
409 1690 777 1739 Atheniensium
812 1692 1005 1738 colonia
1035 1691 1261 1752 Miletus,
1295 1692 1504 1741 deducta
1525 1695 1653 1743 inter

247 1762 391 1808 Ionas
418 1763 537 1808 alios
563 1779 646 1824 per
673 1761 707 1825 ⁵)
739 1759 938 1807 Nileum
969 1759 1122 1807 filium
1155 1760 1330 1823 Codri,
1362 1763 1479 1827 [qui
1499 1763 1654 1811 fertur

199 1830 226 1876 5
248 1849 336 1893 pro
358 1831 507 1892 patria
534 1830 665 1876 bello
691 1828 737 1876 se
756 1829 944 1878 Dorico
973 1828 1261 1889 devovisse]
1331 1830 1434 1879 Sed
1459 1833 1520 1879 ad
1541 1841 1654 1898 pro-

247 1897 400 1962 polita
433 1897 697 1943 veniamus.

316 1965 609 2013 Maximinus
624 1981 791 2026 regens
817 1965 1064 2028 quondam
1076 1965 1256 2012 Rornae
1271 1966 1497 2013 vicariam
1519 1985 1654 2032 prae.

246 2036 511 2093 secturam,
545 2033 674 2096 apud
698 2032 930 2095 Sopianas
956 2033 1177 2079 Valeriae
1212 2034 1451 2097 oppidum
1485 2035 1655 2084 obscu-

248 2102 423 2150 rillime
453 2115 590 2148 natus
621 2100 700 2160 est,
750 2115 884 2163 patre
909 2101 1145 2147 tabulario
1171 2101 1465 2165 praesidialis
1487 2106 1653 2168 officii,

250 2186 358 2218 orto
391 2191 416 2218 a
448 2169 722 2234 posteritate
754 2169 1051 2233 Carporum,
1087 2187 1210 2234 quos
1235 2171 1445 2236 antiquis
1471 2174 1654 2223 excitos

199 2239 228 2282 6
248 2239 444 2288 sedibus
477 2238 811 2286 Diocletianus
840 2239 1079 2285 transtulit
1107 2239 1158 2284 in
1191 2238 1506 2288 Pannoniam.
1603 2244 1652 2291 Is

248 2310 357 2374 post
396 2307 642 2355 mediocre
682 2306 890 2353 studium
923 2307 1196 2354 liberalium
1222 2306 1261 2373 ⁶)
1301 2308 1654 2370 doctrinarum,

251 2374 678 2440 defensionemque
697 2375 944 2423 causarum
963 2376 1229 2440 ignobilem
1244 2413 1256 2437 ‚
1289 2391 1336 2424 et
1357 2377 1657 2427 administra-

248 2460 319 2494 tas
342 2445 586 2496 Corsicam
606 2444 875 2512 itidemque
899 2445 1192 2508 Sardiniam,
1214 2445 1532 2512 rexit-deinde
1555 2449 1654 2495 Tu-

1482 2515 1650 2565 sciam.

303 2701 341 2750 ¹.)
370 2701 437 2735 ΜΓ.
478 2715 640 2750 quaeque
678 2703 788 2751 apud.
845 2703 881 2754 2.)
921 2703 970 2737 al.
1000 2702 1190 2738 timuerim.
1230 2703 1361 2754 ''Q-al.
1394 2700 1567 2735 'militum
1615 2703 1657 2747 4)

254 2744 324 2791 Mi„
350 2748 607 2786 murmannus.
658 2754 701 2798 5)
730 2748 798 2786 ΜΓ.
826 2750 950 2785 Lmae.
1000 2751 1038 2797 tl)
1064 2750 1116 2786 al.
1152 2747 1433 2797 disciplinarum.
