1727 3144
211 155 303 200 158
447 165 735 201 ΛΜΜῙΛΝῙ
770 166 1169 198 ΜΑιῑοΕωΛΝῑ
1199 168 1324 214 xvn,
1362 168 1438 199 12.

201 290 389 325 crantes
410 275 538 325 iuffit
554 273 814 342 paullisper
832 274 1092 324 abscedere
1108 313 1121 338 ,
1160 275 1279 325 dum
1302 279 1355 342 ¹¹)
1375 277 1602 325 Araharii

139 351 191 394 15
204 360 251 394 et
274 345 562 404 Quadorum
585 346 835 410 negotium
856 343 1167 410 spectaretur.
1251 347 1351 404 Qui
1378 366 1494 394 cum
1521 365 1601 394 eo·

203 434 310 462 rum
341 415 436 462 ritu
468 415 642 475 oblati,
679 413 852 462 stantes
879 415 1086 461 curva-tis
1123 416 1443 480 corporibus,
1489 415 1601 463 faci-

201 502 321 532 nora
350 484 508 549 gravia
540 501 745 548 purgare
779 501 876 530 non
908 483 1115 546 poss'ent,
1146 484 1346 532 ultimae
1370 484 1510 532 sortis
1532 485 1605 531 in-

201 554 417 601 fortunia
457 567 749 612 metuentes,
810 550 1051 599 dederunt
1089 552 1280 601 obfides
1320 554 1603 618 imperatos,

201 641 469 687 numquam
490 636 627 671 antea
648 621 848 689 pignora
869 620 1080 668 foederis
1100 622 1328 670 exhibere
1349 621 1602 687 compulsi.

140 689 194 743 14
209 692 297 738 His
319 709 374 738 ex
401 709 558 756 aequo
584 692 816 754 bonoque
836 689 1144 754 compositis,
1183 690 1349 739 Usafer
1366 691 1417 737 in
1438 709 1604 755 preces

205 760 429 809 admiss'us
482 760 574 808 est:
627 759 864 807 Arahario
918 758 1225 823 pertinaciter
1281 761 1605 823 obstrepente,

203 831 551 893 firmanteque,
590 845 770 892 pacem,
809 846 948 892 quam
972 826 1073 891 ipse
1094 829 1293 889 meruit,
1338 831 1380 875 ei
1405 845 1603 892 quoque

207 898 387 945 debere
415 900 677 962 proficere,
720 912 773 943 ut
802 896 1055 960 participi,
1102 897 1218 954 licet
1262 898 1507 958 infcriori,
1559 911 1606 944 et

140 968 193 1012 15
208 969 544 1030 obtemperare
567 966 661 1013 suis
681 965 900 1029 imperiis
926 964 1173 1012 consueto.
1243 967 1428 1013 Verum
1464 985 1608 1030 quae-

205 1036 358 1084 stione
382 1034 606 1094 discuss‘a,
637 1035 789 1095 aliena
810 1033 1039 1100 potestate
1060 1034 1182 1098 eripi
1206 1035 1451 1081 Sarmatae
1484 1035 1605 1095 iussi,

205 1119 261 1152 ut
303 1103 491 1168 semper
528 1104 861 1151 Romanorum
901 1103 1128 1163 clienteS,
1189 1105 1361 1150 offerre
1399 1102 1606 1162 obfides,

207 1173 385 1238 quietis
431 1173 625 1219 vincula
667 1171 1050 1232 conservandae,
1110 1186 1347 1235 gratanter
1393 1172 1610 1236 amplexi
1663 1192 1672 1200 ⁶

138 1241 332 1289 'isssunt.
413 1241 670 1304 Ingerebat
694 1256 854 1288 autem
887 1240 932 1287 se
966 1240 1067 1303 post
1098 1239 1219 1286 haec
1252 1241 1487 1287 maximus
1525 1259 1612 1286 nu-

206 1327 368 1358 merus
389 1324 687 1358 catervarum
707 1308 1059 1355 confluentium
1079 1308 1332 1354 nationum
1353 1323 1399 1355 et
1423 1326 1609 1372 regum,

205 1378 438 1444 suspendi
465 1398 490 1425 a
520 1378 698 1442 iugulis
730 1377 825 1424 suis
860 1376 1044 1441 gladios
1069 1375 1451 1438 obsecrantium,
1488 1377 1611 1441 post-

207 1467 373 1525 ‹ptam-
387 1447 718 1494 Araharium
707 1464 907 1511 impune
940 1459 1281 1509 compererant
1319 1445 1608 1494 abscessiffc:

209 1532 258 1564 et
277 1517 378 1581 pari
400 1516 550 1563 modo
571 1515 658 1578 ipfi
691 1533 890 1591 quoque
923 1514 1088 1578 adepti
1117 1532 1312 1591 pacem,
1353 1533 1498 1578 quam
1526 1533 1614 1580 po-

210 1585 434 1643 luebant,
475 1584 657 1630 accitos
693 1601 752 1629 ex
783 1583 967 1628 intimis
1006 1583 1140 1645 iegni
1172 1600 1432 1646 procerum
1464 1585 1610 1662 filios,

212 1653 456 1701 obsidatus
486 1651 633 1700 s01te
654 1651 888 1714 opinione
928 1651 1144 1697 celerius
1167 1652 1474 1698 obtulerim·
1464 1671 1477 1714 3
1537 1653 1616 1700 iti..

211 1721 421 1799 demque
446 1720 688 1784 captivos,
721 1733 776 1765 ut
800 1720 1067 1783 placuerat,
1097 1718 1301 1781 nostros,
1332 1739 1399 1785 qu
1478 1721 1613 1770 haud

211 1791 391 1838 minori
412 1788 595 1853 gemitu
614 1787 874 1852 perdidere
897 1806 1043 1852 quam
1067 1785 1191 1834 suos.

149 1873 200 1915 17
307 1858 499 1915 Quibus
522 1855 782 1917 ordinatis,
814 1857 1038 1903 tianslata
1065 1855 1161 1903 est
1149 1874 1199 1901 1n
1220 1855 1461 1904 Sarmatas
1479 1874 1613 1914 cura,

212 1926 517 1975 miseratione
547 1925 719 1988 dignos
746 1925 908 1990 potius
939 1943 1085 1988 quam
1123 1923 1385 1971 simultate:
1433 1926 1611 1989 quibus

211 1995 500 2043 incredibile
524 2008 758 2058 quantum
782 1992 1106 2057 prosperitatis
1127 1993 1244 2038 hacc
1268 1993 1427 2039 attulit
1447 1995 1610 2041 causa:

213 2081 268 2113 ut
289 2082 453 2112 verum
471 2061 596 2109 illud
616 2062 936 2120 existimetur,
969 2059 1105 2126 quod
1122 2062 1379 2124 opinantur
1396 2061 1612 2125 quidam,

152 2136 367 2181 ffifatum
394 2131 521 2179 vinci
544 2130 776 2195 principis
799 2131 1055 2194 potestate,
1092 2132 1168 2176 vel
1192 2130 1311 2175 fieri.
1384 2130 1614 2177 Potentes

214 2203 272 2268 ¹²)
299 2203 417 2250 olim
445 2219 498 2247 ac
524 2199 712 2246 nobiles
735 2214 870 2245 erant
891 2199 1034 2246 huius
1057 2197 1312 2261 indigenae
1334 2200 1493 2262 regni,
1530 2198 1615 2246 scd

213 2271 486 2318 coniuuatio
525 2267 815 2314 clandestina
858 2268 1018 2315 lervos
1061 2267 1263 2314 ainnavit
1303 2267 1352 2313 in
1407 2268 1612 2314 facinus.

215 2342 382 2404 Atque
411 2352 465 2385 ut
487 2337 703 2384 baibaris
726 2336 816 2384 else
838 2354 981 2383 omne
1011 2336 1083 2382 ius
1105 2336 1149 2381 in
1175 2336 1358 2382 viribus
1380 2335 1612 2397 adluevit,

215 2409 438 2455 vicerunt
468 2405 694 2454 dominos
724 2405 902 2452 ferocia
934 2423 1018 2469 pax
1023 2423 1097 2464 es
1138 2403 1220 2451 sed
1246 2422 1448 2450 numero
1481 2422 1555 2467 pr
1542 2422 1616 2450 ae-

152 2489 203 2528 Π)
219 2490 472 2523 mutientes
538 2473 679 2531 Qui,
732 2473 1062 2521 confundente
1101 2487 1234 2520 metu
1281 2471 1501 2531 consilia,
1551 2471 1614 2518 ad

220 2545 504 2593 Victohalos
535 2542 768 2590 discretos
795 2543 986 2604 longius
1013 2542 1360 2604 confugerunt,
1412 2539 1615 2604 obsequi

220 2612 581 2673 defensoribus,
626 2625 676 2658 ut
705 2611 757 2657 in
789 2612 953 2673 malis,
994 2610 1235 2675 optabile,
1271 2628 1417 2675 quam
1439 2608 1615 2657 servire

222 2726 248 2734 ,-

276 2779 331 2820 ιι)
365 2773 435 2810 Ms-
463 2775 636 2818 Bar-barii.
694 2776 755 2823 12)
793 2774 844 2809 al.
868 2771 955 2809 olim
982 2770 1171 2820 ignobiles.
