<?xml version="1.0" encoding="UTF-8"?>
<!DOCTYPE html PUBLIC "-//W3C//DTD XHTML 1.0 Transitional//EN"
    "http://www.w3.org/TR/xhtml1/DTD/xhtml1-transitional.dtd">
<html xmlns="http://www.w3.org/1999/xhtml" xml:lang="en" lang="en">
 <head>
  <title>
</title>
<meta http-equiv="Content-Type" content="text/html;charset=utf-8" />
  <meta name='ocr-system' content='tesseract 3.04.00' />
  <meta name='ocr-capabilities' content='ocr_page ocr_carea ocr_par ocr_line ocrx_word'/>
</head>
<body>
  <div class='ocr_page' id='page_1' title='image "ammianimarcellin01ammiuoft_0812.png"; bbox 0 0 1727 3144; ppageno 0'>
   <div class='ocr_carea' id='block_1_1' title="bbox 167 128 1401 208">
    <p class='ocr_par' dir='ltr' id='par_1_1' title="bbox 167 128 1401 208">
     <span class='ocr_line' id='line_1_1' title="bbox 167 128 1401 208; baseline -0.006 -18"><span class='ocrx_word' id='word_1_1' title='bbox 167 148 265 208; x_wconf 68' lang='lat'>596</span> <span class='ocrx_word' id='word_1_2' title='bbox 404 128 674 190; x_wconf 51' lang='lat' dir='ltr'>,milam</span> <span class='ocrx_word' id='word_1_3' title='bbox 718 154 1107 185; x_wconf 63' lang='lat' dir='ltr'>MAchLmM</span> <span class='ocrx_word' id='word_1_4' title='bbox 1141 143 1285 199; x_wconf 71' lang='lat' dir='ltr'>xxxx,</span> <span class='ocrx_word' id='word_1_5' title='bbox 1326 153 1401 184; x_wconf 76' lang='lat'>12.</span> 
     </span>
    </p>
   </div>
   <div class='ocr_carea' id='block_1_2' title="bbox 110 255 1643 2528">
    <p class='ocr_par' dir='ltr' id='par_1_2' title="bbox 163 255 1577 389">
     <span class='ocr_line' id='line_1_2' title="bbox 163 255 1577 336; baseline -0.008 -18"><span class='ocrx_word' id='word_1_6' title='bbox 163 269 310 336; x_wconf 82' lang='lat' dir='ltr'>legati</span> <span class='ocrx_word' id='word_1_7' title='bbox 357 268 557 334; x_wconf 84' lang='lat' dir='ltr'>quidem</span> <span class='ocrx_word' id='word_1_8' title='bbox 609 265 647 332; x_wconf 84' lang='lat'>²)</span> <span class='ocrx_word' id='word_1_9' title='bbox 680 279 734 312; x_wconf 88' lang='lat' dir='ltr'>ut</span> <span class='ocrx_word' id='word_1_10' title='bbox 781 264 997 329; x_wconf 83' lang='lat' dir='ltr'>ambigui</span> <span class='ocrx_word' id='word_1_11' title='bbox 1039 263 1211 311; x_wconf 79' lang='lat' dir='ltr'>frustra</span> <span class='ocrx_word' id='word_1_12' title='bbox 1269 262 1428 311; x_wconf 85' lang='lat' dir='ltr'>habiti</span> <span class='ocrx_word' id='word_1_13' title='bbox 1483 255 1577 308; x_wconf 89' lang='lat' dir='ltr'>dis-</span> 
     </span>
     <span class='ocr_line' id='line_1_3' title="bbox 169 339 423 389; baseline -0.02 0"><span class='ocrx_word' id='word_1_14' title='bbox 169 339 423 389; x_wconf 82' lang='lat' dir='ltr'>cess&#39;erunt.</span> 
     </span>
    </p>

    <p class='ocr_par' dir='ltr' id='par_1_3' title="bbox 110 400 1643 812">
     <span class='ocr_line' id='line_1_4' title="bbox 110 400 1581 467; baseline -0.007 -11"><span class='ocrx_word' id='word_1_15' title='bbox 110 419 163 448; x_wconf 89' lang='lat'>10</span> <span class='ocrx_word' id='word_1_16' title='bbox 251 407 530 467; x_wconf 23' lang='lat' dir='ltr'>*Exoriente</span> <span class='ocrx_word' id='word_1_17' title='bbox 585 420 700 452; x_wconf 84' lang='lat' dir='ltr'>vero</span> <span class='ocrx_word' id='word_1_18' title='bbox 757 420 927 450; x_wconf 84' lang='lat' dir='ltr'>aurora</span> <span class='ocrx_word' id='word_1_19' title='bbox 972 401 1095 462; x_wconf 82' lang='lat' dir='ltr'>diei,</span> <span class='ocrx_word' id='word_1_20' title='bbox 1155 418 1300 466; x_wconf 87' lang='lat' dir='ltr'>quem</span> <span class='ocrx_word' id='word_1_21' title='bbox 1354 400 1581 466; x_wconf 81' lang='lat' dir='ltr'>quintum</span> 
     </span>
     <span class='ocr_line' id='line_1_5' title="bbox 170 469 1582 538; baseline -0.008 -13"><span class='ocrx_word' id='word_1_22' title='bbox 170 477 350 529; x_wconf 83' lang='lat' dir='ltr'><strong>Iduum</strong></span> <span class='ocrx_word' id='word_1_23' title='bbox 376 473 699 538; x_wconf 82' lang='lat' dir='ltr'>Augustarum</span> <span class='ocrx_word' id='word_1_24' title='bbox 722 489 950 518; x_wconf 87' lang='lat' dir='ltr'>numerus</span> <span class='ocrx_word' id='word_1_25' title='bbox 975 470 1187 518; x_wconf 80' lang='lat' dir='ltr'>ostendit</span> <span class='ocrx_word' id='word_1_26' title='bbox 1213 470 1396 517; x_wconf 83' lang='lat' dir='ltr'>annalis</span> <span class='ocrx_word' id='word_1_27' title='bbox 1408 506 1424 527; x_wconf 84' lang='lat'><em>‚</em></span> <span class='ocrx_word' id='word_1_28' title='bbox 1453 469 1582 532; x_wconf 80' lang='lat' dir='ltr'>ligna</span> 
     </span>
     <span class='ocr_line' id='line_1_6' title="bbox 170 536 1584 613; baseline -0.008 -19"><span class='ocrx_word' id='word_1_29' title='bbox 170 561 498 613; x_wconf 82' lang='lat' dir='ltr'>praepropere</span> <span class='ocrx_word' id='word_1_30' title='bbox 525 555 924 601; x_wconf 81' lang='lat' dir='ltr'>commoventur,</span> <span class='ocrx_word' id='word_1_31' title='bbox 970 539 1334 603; x_wconf 75' lang='lat' dir='ltr'><strong>impedimentis</strong></span> <span class='ocrx_word' id='word_1_32' title='bbox 1368 553 1414 586; x_wconf 91' lang='lat' dir='ltr'>et</span> <span class='ocrx_word' id='word_1_33' title='bbox 1443 536 1584 584; x_wconf 82' lang='lat' dir='ltr'>sarci-</span> 
     </span>
     <span class='ocr_line' id='line_1_7' title="bbox 174 608 1584 679; baseline -0.009 -16"><span class='ocrx_word' id='word_1_34' title='bbox 174 617 248 663; x_wconf 86' lang='lat' dir='ltr'>nis</span> <span class='ocrx_word' id='word_1_35' title='bbox 271 631 424 679; x_wconf 88' lang='lat' dir='ltr'>prope</span> <span class='ocrx_word' id='word_1_36' title='bbox 452 611 880 675; x_wconf 80' lang='lat' dir='ltr'>Hadrianopoleos</span> <span class='ocrx_word' id='word_1_37' title='bbox 902 627 1066 655; x_wconf 87' lang='lat' dir='ltr'>muros</span> <span class='ocrx_word' id='word_1_38' title='bbox 1093 628 1205 655; x_wconf 86' lang='lat' dir='ltr'>cum</span> <span class='ocrx_word' id='word_1_39' title='bbox 1236 608 1485 671; x_wconf 78' lang='lat' dir='ltr'>legionum</span> <span class='ocrx_word' id='word_1_40' title='bbox 1514 619 1584 653; x_wconf 86' lang='lat' dir='ltr'>tu-</span> 
     </span>
     <span class='ocr_line' id='line_1_8' title="bbox 174 676 1643 747; baseline -0.007 -16"><span class='ocrx_word' id='word_1_41' title='bbox 174 685 269 731; x_wconf 76' lang='lat' dir='ltr'>tela</span> <span class='ocrx_word' id='word_1_42' title='bbox 290 700 504 747; x_wconf 84' lang='lat' dir='ltr'>congrua</span> <span class='ocrx_word' id='word_1_43' title='bbox 523 680 790 728; x_wconf 85' lang='lat' dir='ltr'>collocatis.</span> <span class='ocrx_word' id='word_1_44' title='bbox 862 678 1098 726; x_wconf 80' lang='lat' dir='ltr'>Thesauri</span> <span class='ocrx_word' id='word_1_45' title='bbox 1121 677 1250 724; x_wconf 75' lang='lat' dir='ltr'>enirn</span> <span class='ocrx_word' id='word_1_46' title='bbox 1278 690 1324 724; x_wconf 89' lang='lat' dir='ltr'>et</span> <span class='ocrx_word' id='word_1_47' title='bbox 1348 676 1586 741; x_wconf 85' lang='lat' dir='ltr'>principa-</span> <span class='ocrx_word' id='word_1_48' title='bbox 1638 676 1643 678; x_wconf 63' lang='grc'><strong>’</strong></span> 
     </span>
     <span class='ocr_line' id='line_1_9' title="bbox 174 745 1589 812; baseline -0.008 -12"><span class='ocrx_word' id='word_1_49' title='bbox 174 754 233 802; x_wconf 85' lang='lat' dir='ltr'>lis</span> <span class='ocrx_word' id='word_1_50' title='bbox 255 753 479 800; x_wconf 76' lang='lat' dir='ltr'>fortunae</span> <span class='ocrx_word' id='word_1_51' title='bbox 501 749 698 812; x_wconf 79' lang='lat' dir='ltr'>infignia</span> <span class='ocrx_word' id='word_1_52' title='bbox 719 762 933 807; x_wconf 83' lang='lat' dir='ltr'>caetera,</span> <span class='ocrx_word' id='word_1_53' title='bbox 969 765 1079 793; x_wconf 87' lang='lat' dir='ltr'>cum</span> <span class='ocrx_word' id='word_1_54' title='bbox 1104 747 1350 810; x_wconf 84' lang='lat' dir='ltr'>praefecto</span> <span class='ocrx_word' id='word_1_55' title='bbox 1383 759 1430 793; x_wconf 81' lang='lat' dir='ltr'>et</span> <span class='ocrx_word' id='word_1_56' title='bbox 1462 745 1589 792; x_wconf 85' lang='lat' dir='ltr'>Con-</span> 
     </span>
    </p>

    <p class='ocr_par' dir='ltr' id='par_1_4' title="bbox 120 810 1601 1363">
     <span class='ocr_line' id='line_1_10' title="bbox 120 810 1588 869; baseline -0.007 -1"><span class='ocrx_word' id='word_1_57' title='bbox 120 820 435 869; x_wconf 74' lang='lat' dir='ltr'>ufistorianis</span> <span class='ocrx_word' id='word_1_58' title='bbox 466 818 654 865; x_wconf 86' lang='lat' dir='ltr'>ambitu</span> <span class='ocrx_word' id='word_1_59' title='bbox 683 815 934 863; x_wconf 87' lang='lat' dir='ltr'>moenium</span> <span class='ocrx_word' id='word_1_60' title='bbox 966 815 1271 861; x_wconf 82' lang='lat' dir='ltr'>tenebantur.</span> <span class='ocrx_word' id='word_1_61' title='bbox 1362 810 1588 861; x_wconf 70' lang='lat' dir='ltr'>Decursis</span> 
     </span>
     <span class='ocr_line' id='line_1_11' title="bbox 178 881 1592 952; baseline -0.008 -15"><span class='ocrx_word' id='word_1_62' title='bbox 178 891 343 952; x_wconf 77' lang='lat' dir='ltr'>itaque</span> <span class='ocrx_word' id='word_1_63' title='bbox 374 888 559 933; x_wconf 82' lang='lat' dir='ltr'>viarum</span> <span class='ocrx_word' id='word_1_64' title='bbox 590 883 752 946; x_wconf 84' lang='lat' dir='ltr'>spatiis</span> <span class='ocrx_word' id='word_1_65' title='bbox 783 882 1107 945; x_wconf 79' lang='lat' dir='ltr'>confragofis,</span> <span class='ocrx_word' id='word_1_66' title='bbox 1147 901 1261 929; x_wconf 86' lang='lat' dir='ltr'>cum</span> <span class='ocrx_word' id='word_1_67' title='bbox 1291 882 1341 929; x_wconf 88' lang='lat' dir='ltr'>iu</span> <span class='ocrx_word' id='word_1_68' title='bbox 1370 881 1592 929; x_wconf 80' lang='lat' dir='ltr'>medium</span> 
     </span>
     <span class='ocr_line' id='line_1_12' title="bbox 181 949 1593 1017; baseline -0.006 -13"><span class='ocrx_word' id='word_1_69' title='bbox 181 955 397 1004; x_wconf 86' lang='lat' dir='ltr'>torridus</span> <span class='ocrx_word' id='word_1_70' title='bbox 429 950 724 1017; x_wconf 76' lang='lat' dir='ltr'>procederet</span> <span class='ocrx_word' id='word_1_71' title='bbox 756 950 884 1009; x_wconf 88' lang='lat' dir='ltr'>dies,</span> <span class='ocrx_word' id='word_1_72' title='bbox 927 964 1100 996; x_wconf 79' lang='lat' dir='ltr'>octavo</span> <span class='ocrx_word' id='word_1_73' title='bbox 1141 949 1339 998; x_wconf 84' lang='lat' dir='ltr'>tandem</span> <span class='ocrx_word' id='word_1_74' title='bbox 1379 949 1593 998; x_wconf 80' lang='lat' dir='ltr'>hostium</span> 
     </span>
     <span class='ocr_line' id='line_1_13' title="bbox 184 1016 1594 1089; baseline -0.006 -17"><span class='ocrx_word' id='word_1_75' title='bbox 184 1036 414 1089; x_wconf 78' lang='lat' dir='ltr'>carpenta</span> <span class='ocrx_word' id='word_1_76' title='bbox 433 1035 722 1080; x_wconf 87' lang='lat' dir='ltr'>cernuntur,</span> <span class='ocrx_word' id='word_1_77' title='bbox 754 1019 795 1084; x_wconf 74' lang='lat'>²)</span> <span class='ocrx_word' id='word_1_78' title='bbox 819 1036 940 1083; x_wconf 84' lang='lat' dir='ltr'>quae</span> <span class='ocrx_word' id='word_1_79' title='bbox 963 1016 1024 1064; x_wconf 84' lang='lat' dir='ltr'>ad</span> <span class='ocrx_word' id='word_1_80' title='bbox 1052 1017 1260 1082; x_wconf 86' lang='lat' dir='ltr'>speciem</span> <span class='ocrx_word' id='word_1_81' title='bbox 1282 1017 1594 1066; x_wconf 72' lang='lat' dir='ltr'>rotunditatis</span> 
     </span>
     <span class='ocr_line' id='line_1_14' title="bbox 187 1086 1598 1154; baseline -0.007 -12"><span class='ocrx_word' id='word_1_82' title='bbox 187 1095 442 1142; x_wconf 85' lang='lat' dir='ltr'>detornata</span> <span class='ocrx_word' id='word_1_83' title='bbox 480 1089 758 1154; x_wconf 72' lang='lat' dir='ltr'>digestaque</span> <span class='ocrx_word' id='word_1_84' title='bbox 798 1088 1159 1150; x_wconf 77' lang='lat' dir='ltr'>exploratorum</span> <span class='ocrx_word' id='word_1_85' title='bbox 1189 1088 1424 1135; x_wconf 83' lang='lat' dir='ltr'>relatione</span> <span class='ocrx_word' id='word_1_86' title='bbox 1455 1086 1598 1134; x_wconf 83' lang='lat' dir='ltr'>adfir-</span> 
     </span>
     <span class='ocr_line' id='line_1_15' title="bbox 186 1155 1597 1222; baseline -0.007 -11"><span class='ocrx_word' id='word_1_87' title='bbox 186 1163 459 1211; x_wconf 80' lang='lat' dir='ltr'>mabantur.</span> <span class='ocrx_word' id='word_1_88' title='bbox 537 1160 729 1222; x_wconf 80' lang='lat' dir='ltr'>Atque,</span> <span class='ocrx_word' id='word_1_89' title='bbox 766 1170 821 1203; x_wconf 88' lang='lat' dir='ltr'>ut</span> <span class='ocrx_word' id='word_1_90' title='bbox 850 1174 956 1203; x_wconf 83' lang='lat' dir='ltr'>mos</span> <span class='ocrx_word' id='word_1_91' title='bbox 993 1156 1082 1217; x_wconf 82' lang='lat' dir='ltr'>est,</span> <span class='ocrx_word' id='word_1_92' title='bbox 1135 1157 1352 1204; x_wconf 85' lang='lat' dir='ltr'>ululante</span> <span class='ocrx_word' id='word_1_93' title='bbox 1392 1155 1597 1202; x_wconf 74' lang='lat' dir='ltr'>barbara</span> 
     </span>
     <span class='ocr_line' id='line_1_16' title="bbox 187 1224 1597 1297; baseline -0.005 -19"><span class='ocrx_word' id='word_1_94' title='bbox 187 1233 332 1297; x_wconf 82' lang='lat' dir='ltr'>plebe</span> <span class='ocrx_word' id='word_1_95' title='bbox 354 1230 510 1276; x_wconf 84' lang='lat' dir='ltr'>ferum</span> <span class='ocrx_word' id='word_1_96' title='bbox 535 1241 581 1274; x_wconf 91' lang='lat' dir='ltr'>et</span> <span class='ocrx_word' id='word_1_97' title='bbox 600 1227 746 1288; x_wconf 78' lang='lat' dir='ltr'>triste,</span> <span class='ocrx_word' id='word_1_98' title='bbox 785 1225 994 1272; x_wconf 85' lang='lat' dir='ltr'>Romani</span> <span class='ocrx_word' id='word_1_99' title='bbox 1016 1224 1163 1273; x_wconf 90' lang='lat' dir='ltr'>duces</span> <span class='ocrx_word' id='word_1_100' title='bbox 1186 1226 1340 1272; x_wconf 86' lang='lat' dir='ltr'>aciem</span> <span class='ocrx_word' id='word_1_101' title='bbox 1360 1225 1597 1272; x_wconf 80' lang='lat' dir='ltr'>struxere:</span> 
     </span>
     <span class='ocr_line' id='line_1_17' title="bbox 192 1293 1601 1363; baseline -0.007 -15"><span class='ocrx_word' id='word_1_102' title='bbox 192 1315 239 1348; x_wconf 84' lang='lat' dir='ltr'>et</span> <span class='ocrx_word' id='word_1_103' title='bbox 259 1296 527 1363; x_wconf 75' lang='lat' dir='ltr'>anteposito</span> <span class='ocrx_word' id='word_1_104' title='bbox 551 1297 718 1342; x_wconf 80' lang='lat' dir='ltr'>dextro</span> <span class='ocrx_word' id='word_1_105' title='bbox 741 1312 894 1342; x_wconf 88' lang='lat' dir='ltr'>cornu</span> <span class='ocrx_word' id='word_1_106' title='bbox 924 1295 960 1359; x_wconf 81' lang='lat'>³)</span> <span class='ocrx_word' id='word_1_107' title='bbox 980 1294 1202 1360; x_wconf 88' lang='lat' dir='ltr'>equitum</span> <span class='ocrx_word' id='word_1_108' title='bbox 1233 1294 1417 1359; x_wconf 84' lang='lat' dir='ltr'>primo,</span> <span class='ocrx_word' id='word_1_109' title='bbox 1465 1293 1601 1358; x_wconf 77' lang='lat' dir='ltr'>pedi-</span> 
     </span>
    </p>

    <p class='ocr_par' dir='ltr' id='par_1_5' title="bbox 127 1362 1619 2528">
     <span class='ocr_line' id='line_1_18' title="bbox 127 1362 1604 1432; baseline -0.007 -15"><span class='ocrx_word' id='word_1_110' title='bbox 127 1382 180 1410; x_wconf 83' lang='lat'>¹2</span> <span class='ocrx_word' id='word_1_111' title='bbox 195 1383 317 1417; x_wconf 83' lang='lat' dir='ltr'>tatus</span> <span class='ocrx_word' id='word_1_112' title='bbox 341 1386 449 1432; x_wconf 87' lang='lat' dir='ltr'>pars</span> <span class='ocrx_word' id='word_1_113' title='bbox 470 1365 673 1413; x_wconf 78' lang='lat' dir='ltr'>maxima</span> <span class='ocrx_word' id='word_1_114' title='bbox 698 1362 988 1411; x_wconf 78' lang='lat' dir='ltr'>subsidebat.</span> <span class='ocrx_word' id='word_1_115' title='bbox 1077 1365 1245 1412; x_wconf 87' lang='lat' dir='ltr'>Cornu</span> <span class='ocrx_word' id='word_1_116' title='bbox 1279 1377 1440 1410; x_wconf 84' lang='lat' dir='ltr'>autem</span> <span class='ocrx_word' id='word_1_117' title='bbox 1469 1362 1604 1426; x_wconf 88' lang='lat' dir='ltr'>equi-</span> 
     </span>
     <span class='ocr_line' id='line_1_19' title="bbox 193 1426 1602 1498; baseline -0.005 -13"><span class='ocrx_word' id='word_1_118' title='bbox 193 1452 298 1485; x_wconf 89' lang='lat' dir='ltr'>tum</span> <span class='ocrx_word' id='word_1_119' title='bbox 334 1437 526 1484; x_wconf 83' lang='lat' dir='ltr'>laevum</span> <span class='ocrx_word' id='word_1_120' title='bbox 559 1433 772 1480; x_wconf 87' lang='lat' dir='ltr'>disiectis</span> <span class='ocrx_word' id='word_1_121' title='bbox 800 1434 840 1497; x_wconf 78' lang='lat'>⁴)</span> <span class='ocrx_word' id='word_1_122' title='bbox 863 1432 1025 1480; x_wconf 85' lang='lat' dir='ltr'>adhuc</span> <span class='ocrx_word' id='word_1_123' title='bbox 1054 1451 1141 1498; x_wconf 89' lang='lat' dir='ltr'>per</span> <span class='ocrx_word' id='word_1_124' title='bbox 1171 1433 1344 1480; x_wconf 84' lang='lat' dir='ltr'>itinera</span> <span class='ocrx_word' id='word_1_125' title='bbox 1362 1426 1602 1496; x_wconf 62' lang='lat' dir='ltr'>plurimis⁷</span> 
     </span>
     <span class='ocr_line' id='line_1_20' title="bbox 194 1500 1604 1567; baseline -0.007 -12"><span class='ocrx_word' id='word_1_126' title='bbox 194 1507 381 1555; x_wconf 80' lang='lat' dir='ltr'>summa</span> <span class='ocrx_word' id='word_1_127' title='bbox 413 1504 697 1551; x_wconf 85' lang='lat' dir='ltr'>difficultate</span> <span class='ocrx_word' id='word_1_128' title='bbox 727 1501 1028 1550; x_wconf 86' lang='lat' dir='ltr'>conductum</span> <span class='ocrx_word' id='word_1_129' title='bbox 1072 1502 1362 1567; x_wconf 81' lang='lat' dir='ltr'>properabat</span> <span class='ocrx_word' id='word_1_130' title='bbox 1397 1500 1604 1565; x_wconf 85' lang='lat' dir='ltr'>passibus</span> 
     </span>
     <span class='ocr_line' id='line_1_21' title="bbox 197 1568 1608 1637; baseline -0.006 -14"><span class='ocrx_word' id='word_1_131' title='bbox 197 1576 322 1624; x_wconf 86' lang='lat' dir='ltr'>citis.</span> <span class='ocrx_word' id='word_1_132' title='bbox 394 1574 626 1637; x_wconf 84' lang='lat' dir='ltr'>Dumque</span> <span class='ocrx_word' id='word_1_133' title='bbox 647 1572 778 1619; x_wconf 89' lang='lat' dir='ltr'>idem</span> <span class='ocrx_word' id='word_1_134' title='bbox 801 1568 955 1618; x_wconf 82' lang='lat' dir='ltr'>cornu</span> <span class='ocrx_word' id='word_1_135' title='bbox 977 1571 1111 1618; x_wconf 87' lang='lat' dir='ltr'>nullo</span> <span class='ocrx_word' id='word_1_136' title='bbox 1133 1574 1167 1636; x_wconf 84' lang='lat'>⁵)</span> <span class='ocrx_word' id='word_1_137' title='bbox 1190 1571 1440 1619; x_wconf 83' lang='lat' dir='ltr'>etiamtum</span> <span class='ocrx_word' id='word_1_138' title='bbox 1462 1570 1608 1616; x_wconf 87' lang='lat' dir='ltr'>inter-</span> 
     </span>
     <span class='ocr_line' id='line_1_22' title="bbox 199 1633 1607 1703; baseline -0.007 -10"><span class='ocrx_word' id='word_1_139' title='bbox 199 1646 426 1693; x_wconf 84' lang='lat' dir='ltr'>turbante</span> <span class='ocrx_word' id='word_1_140' title='bbox 457 1641 758 1701; x_wconf 78' lang='lat' dir='ltr'>extenditur,</span> <span class='ocrx_word' id='word_1_141' title='bbox 800 1640 1051 1688; x_wconf 90' lang='lat' dir='ltr'>horrendo</span> <span class='ocrx_word' id='word_1_142' title='bbox 1082 1641 1273 1703; x_wconf 85' lang='lat' dir='ltr'>fragore</span> <span class='ocrx_word' id='word_1_143' title='bbox 1303 1633 1607 1686; x_wconf 77' lang='lat' dir='ltr'>sibilantibus</span> 
     </span>
     <span class='ocr_line' id='line_1_23' title="bbox 203 1706 1608 1776; baseline -0.006 -15"><span class='ocrx_word' id='word_1_144' title='bbox 203 1714 373 1774; x_wconf 82' lang='lat' dir='ltr'>armis,</span> <span class='ocrx_word' id='word_1_145' title='bbox 424 1710 660 1776; x_wconf 80' lang='lat' dir='ltr'>pulsuque</span> <span class='ocrx_word' id='word_1_146' title='bbox 701 1710 878 1756; x_wconf 82' lang='lat' dir='ltr'>minaci</span> <span class='ocrx_word' id='word_1_147' title='bbox 916 1708 1165 1757; x_wconf 86' lang='lat' dir='ltr'>scutorum</span> <span class='ocrx_word' id='word_1_148' title='bbox 1205 1708 1360 1756; x_wconf 85' lang='lat' dir='ltr'>territi</span> <span class='ocrx_word' id='word_1_149' title='bbox 1396 1706 1608 1765; x_wconf 81' lang='lat' dir='ltr'>barbari,</span> 
     </span>
     <span class='ocr_line' id='line_1_24' title="bbox 204 1775 1608 1846; baseline -0.005 -17"><span class='ocrx_word' id='word_1_150' title='bbox 204 1784 436 1846; x_wconf 85' lang='lat' dir='ltr'>quoniam</span> <span class='ocrx_word' id='word_1_151' title='bbox 471 1798 574 1844; x_wconf 86' lang='lat' dir='ltr'>pars</span> <span class='ocrx_word' id='word_1_152' title='bbox 607 1797 775 1826; x_wconf 89' lang='lat' dir='ltr'>eorum</span> <span class='ocrx_word' id='word_1_153' title='bbox 806 1797 919 1826; x_wconf 88' lang='lat' dir='ltr'>cum</span> <span class='ocrx_word' id='word_1_154' title='bbox 949 1778 1161 1825; x_wconf 85' lang='lat' dir='ltr'>Alatheo</span> <span class='ocrx_word' id='word_1_155' title='bbox 1206 1792 1253 1825; x_wconf 85' lang='lat' dir='ltr'>et</span> <span class='ocrx_word' id='word_1_156' title='bbox 1290 1775 1330 1842; x_wconf 87' lang='lat'>⁶)</span> <span class='ocrx_word' id='word_1_157' title='bbox 1361 1776 1608 1840; x_wconf 74' lang='lat' dir='ltr'>saphrace</span> 
     </span>
     <span class='ocr_line' id='line_1_25' title="bbox 203 1845 1613 1914; baseline -0.004 -19"><span class='ocrx_word' id='word_1_158' title='bbox 203 1852 378 1914; x_wconf 88' lang='lat' dir='ltr'>procul</span> <span class='ocrx_word' id='word_1_159' title='bbox 409 1867 578 1913; x_wconf 80' lang='lat' dir='ltr'>agens,</span> <span class='ocrx_word' id='word_1_160' title='bbox 624 1862 671 1895; x_wconf 87' lang='lat' dir='ltr'>et</span> <span class='ocrx_word' id='word_1_161' title='bbox 699 1849 737 1912; x_wconf 80' lang='lat'>⁷)</span> <span class='ocrx_word' id='word_1_162' title='bbox 761 1848 911 1895; x_wconf 83' lang='lat' dir='ltr'>accita</span> <span class='ocrx_word' id='word_1_163' title='bbox 941 1847 1160 1894; x_wconf 83' lang='lat' dir='ltr'>nondum</span> <span class='ocrx_word' id='word_1_164' title='bbox 1192 1859 1411 1906; x_wconf 85' lang='lat' dir='ltr'>venerat,</span> <span class='ocrx_word' id='word_1_165' title='bbox 1445 1845 1484 1909; x_wconf 73' lang='lat'>⁸)</span> <span class='ocrx_word' id='word_1_166' title='bbox 1509 1862 1613 1891; x_wconf 80' lang='lat' dir='ltr'>ora·-</span> 
     </span>
     <span class='ocr_line' id='line_1_26' title="bbox 141 1914 1612 1981; baseline -0.003 -19"><span class='ocrx_word' id='word_1_167' title='bbox 141 1920 196 1964; x_wconf 77' lang='lat'>13</span> <span class='ocrx_word' id='word_1_168' title='bbox 208 1934 340 1966; x_wconf 89' lang='lat' dir='ltr'>turos</span> <span class='ocrx_word' id='word_1_169' title='bbox 364 1935 531 1981; x_wconf 84' lang='lat' dir='ltr'>pacem</span> <span class='ocrx_word' id='word_1_170' title='bbox 550 1917 721 1964; x_wconf 83' lang='lat' dir='ltr'>misere</span> <span class='ocrx_word' id='word_1_171' title='bbox 740 1917 940 1979; x_wconf 78' lang='lat' dir='ltr'>legatos.</span> <span class='ocrx_word' id='word_1_172' title='bbox 1015 1917 1199 1963; x_wconf 85' lang='lat' dir='ltr'>Eorum</span> <span class='ocrx_word' id='word_1_173' title='bbox 1231 1915 1348 1962; x_wconf 93' lang='lat' dir='ltr'>dum</span> <span class='ocrx_word' id='word_1_174' title='bbox 1379 1914 1612 1961; x_wconf 82' lang='lat' dir='ltr'>vilitatem</span> 
     </span>
     <span class='ocr_line' id='line_1_27' title="bbox 209 1980 1610 2050; baseline -0.006 -16"><span class='ocrx_word' id='word_1_175' title='bbox 209 1986 416 2050; x_wconf 79' lang='lat' dir='ltr'>despicit</span> <span class='ocrx_word' id='word_1_176' title='bbox 463 1985 762 2047; x_wconf 82' lang='lat' dir='ltr'>Imperator,</span> <span class='ocrx_word' id='word_1_177' title='bbox 820 1999 874 2030; x_wconf 92' lang='lat' dir='ltr'>ut</span> <span class='ocrx_word' id='word_1_178' title='bbox 910 1987 1050 2031; x_wconf 82' lang='lat' dir='ltr'>firma</span> <span class='ocrx_word' id='word_1_179' title='bbox 1093 1987 1267 2031; x_wconf 84' lang='lat' dir='ltr'>fierent</span> <span class='ocrx_word' id='word_1_180' title='bbox 1310 1980 1610 2046; x_wconf 78' lang='lat' dir='ltr'>paciscenda,</span> 
     </span>
     <span class='ocr_line' id='line_1_28' title="bbox 209 2049 1613 2120; baseline -0.006 -17"><span class='ocrx_word' id='word_1_181' title='bbox 209 2055 468 2120; x_wconf 81' lang='lat' dir='ltr'>optimates</span> <span class='ocrx_word' id='word_1_182' title='bbox 497 2050 699 2115; x_wconf 83' lang='lat' dir='ltr'>poscens</span> <span class='ocrx_word' id='word_1_183' title='bbox 729 2049 935 2097; x_wconf 89' lang='lat' dir='ltr'>idoneos</span> <span class='ocrx_word' id='word_1_184' title='bbox 972 2049 1127 2099; x_wconf 86' lang='lat' dir='ltr'>mitti:</span> <span class='ocrx_word' id='word_1_185' title='bbox 1179 2052 1252 2097; x_wconf 87' lang='lat' dir='ltr'>illi</span> <span class='ocrx_word' id='word_1_186' title='bbox 1285 2050 1345 2097; x_wconf 86' lang='lat' dir='ltr'>de</span> <span class='ocrx_word' id='word_1_187' title='bbox 1381 2049 1613 2096; x_wconf 79' lang='lat' dir='ltr'>industria</span> 
     </span>
     <span class='ocr_line' id='line_1_29' title="bbox 209 2117 1612 2183; baseline -0.005 -11"><span class='ocrx_word' id='word_1_188' title='bbox 209 2123 589 2181; x_wconf 79' lang='lat' dir='ltr'>cunctabantur,</span> <span class='ocrx_word' id='word_1_189' title='bbox 634 2133 688 2166; x_wconf 89' lang='lat' dir='ltr'>ut</span> <span class='ocrx_word' id='word_1_190' title='bbox 715 2119 840 2166; x_wconf 85' lang='lat' dir='ltr'>inter</span> <span class='ocrx_word' id='word_1_191' title='bbox 868 2120 1061 2166; x_wconf 85' lang='lat' dir='ltr'>fallaces</span> <span class='ocrx_word' id='word_1_192' title='bbox 1091 2118 1304 2166; x_wconf 81' lang='lat' dir='ltr'>indutias</span> <span class='ocrx_word' id='word_1_193' title='bbox 1336 2119 1522 2183; x_wconf 86' lang='lat' dir='ltr'>equites</span> <span class='ocrx_word' id='word_1_194' title='bbox 1539 2117 1612 2166; x_wconf 81' lang='lat' dir='ltr'>sui</span> 
     </span>
     <span class='ocr_line' id='line_1_30' title="bbox 213 2186 1615 2253; baseline -0.005 -12"><span class='ocrx_word' id='word_1_195' title='bbox 213 2192 455 2248; x_wconf 77' lang='lat' dir='ltr'>redirent,</span> <span class='ocrx_word' id='word_1_196' title='bbox 498 2206 620 2253; x_wconf 90' lang='lat' dir='ltr'>quos</span> <span class='ocrx_word' id='word_1_197' title='bbox 653 2186 818 2235; x_wconf 81' lang='lat' dir='ltr'>adfore</span> <span class='ocrx_word' id='word_1_198' title='bbox 847 2188 943 2234; x_wconf 81' lang='lat' dir='ltr'>iam</span> <span class='ocrx_word' id='word_1_199' title='bbox 973 2187 1253 2252; x_wconf 83' lang='lat' dir='ltr'>sperabant:</span> <span class='ocrx_word' id='word_1_200' title='bbox 1295 2202 1341 2235; x_wconf 91' lang='lat' dir='ltr'>et</span> <span class='ocrx_word' id='word_1_201' title='bbox 1362 2187 1500 2235; x_wconf 85' lang='lat' dir='ltr'>miles</span> <span class='ocrx_word' id='word_1_202' title='bbox 1523 2188 1615 2235; x_wconf 88' lang='lat' dir='ltr'>fer-</span> 
     </span>
     <span class='ocr_line' id='line_1_31' title="bbox 218 2256 1616 2317; baseline -0.005 -8"><span class='ocrx_word' id='word_1_203' title='bbox 218 2279 332 2309; x_wconf 84' lang='lat' dir='ltr'>vore</span> <span class='ocrx_word' id='word_1_204' title='bbox 351 2259 609 2307; x_wconf 84' lang='lat' dir='ltr'>calefactus</span> <span class='ocrx_word' id='word_1_205' title='bbox 633 2257 830 2317; x_wconf 83' lang='lat' dir='ltr'>aestivo,</span> <span class='ocrx_word' id='word_1_206' title='bbox 865 2256 999 2304; x_wconf 84' lang='lat' dir='ltr'>ficcis</span> <span class='ocrx_word' id='word_1_207' title='bbox 1024 2257 1243 2304; x_wconf 80' lang='lat' dir='ltr'>faucibus</span> <span class='ocrx_word' id='word_1_208' title='bbox 1264 2271 1616 2304; x_wconf 83' lang='lat' dir='ltr'>commarceret</span> 
     </span>
     <span class='ocr_line' id='line_1_32' title="bbox 218 2324 1616 2391; baseline -0.005 -12"><span class='ocrx_word' id='word_1_209' title='bbox 218 2332 462 2379; x_wconf 87' lang='lat' dir='ltr'>relucente</span> <span class='ocrx_word' id='word_1_210' title='bbox 484 2324 803 2390; x_wconf 80' lang='lat' dir='ltr'>amplitudine</span> <span class='ocrx_word' id='word_1_211' title='bbox 821 2343 1107 2391; x_wconf 85' lang='lat' dir='ltr'>camporum</span> <span class='ocrx_word' id='word_1_212' title='bbox 1131 2328 1169 2388; x_wconf 78' lang='lat'>⁹)</span> <span class='ocrx_word' id='word_1_213' title='bbox 1191 2324 1453 2386; x_wconf 85' lang='lat' dir='ltr'>incendiis,</span> <span class='ocrx_word' id='word_1_214' title='bbox 1492 2343 1616 2390; x_wconf 86' lang='lat' dir='ltr'>quos</span> 
     </span>
     <span class='ocr_line' id='line_1_33' title="bbox 216 2393 1615 2463; baseline -0.004 -17"><span class='ocrx_word' id='word_1_215' title='bbox 216 2400 361 2463; x_wconf 79' lang='lat' dir='ltr'>lignis</span> <span class='ocrx_word' id='word_1_216' title='bbox 381 2396 784 2459; x_wconf 85' lang='lat' dir='ltr'>nutrimentisque</span> <span class='ocrx_word' id='word_1_217' title='bbox 810 2395 955 2442; x_wconf 82' lang='lat' dir='ltr'>aridis</span> <span class='ocrx_word' id='word_1_218' title='bbox 981 2393 1210 2454; x_wconf 80' lang='lat' dir='ltr'>subditis,</span> <span class='ocrx_word' id='word_1_219' title='bbox 1253 2408 1307 2440; x_wconf 87' lang='lat' dir='ltr'>ut</span> <span class='ocrx_word' id='word_1_220' title='bbox 1334 2393 1431 2441; x_wconf 86' lang='lat' dir='ltr'>hoc</span> <span class='ocrx_word' id='word_1_221' title='bbox 1460 2395 1615 2454; x_wconf 81' lang='lat' dir='ltr'>fieret,</span> 
     </span>
     <span class='ocr_line' id='line_1_34' title="bbox 218 2462 1619 2528; baseline -0.003 -14"><span class='ocrx_word' id='word_1_222' title='bbox 218 2468 370 2516; x_wconf 83' lang='lat' dir='ltr'>iidem</span> <span class='ocrx_word' id='word_1_223' title='bbox 399 2465 560 2514; x_wconf 83' lang='lat' dir='ltr'>hostes</span> <span class='ocrx_word' id='word_1_224' title='bbox 586 2464 806 2511; x_wconf 86' lang='lat' dir='ltr'>urebant.</span> <span class='ocrx_word' id='word_1_225' title='bbox 887 2463 979 2513; x_wconf 85' lang='lat' dir='ltr'>Cui</span> <span class='ocrx_word' id='word_1_226' title='bbox 1007 2464 1136 2511; x_wconf 84' lang='lat' dir='ltr'>malo</span> <span class='ocrx_word' id='word_1_227' title='bbox 1161 2462 1294 2510; x_wconf 81' lang='lat' dir='ltr'>aliud</span> <span class='ocrx_word' id='word_1_228' title='bbox 1324 2480 1520 2528; x_wconf 83' lang='lat' dir='ltr'>quoque</span> <span class='ocrx_word' id='word_1_229' title='bbox 1543 2482 1619 2527; x_wconf 80' lang='lat' dir='ltr'>ac-</span> 
     </span>
    </p>
   </div>
   <div class='ocr_carea' id='block_1_3' title="bbox 217 2623 1618 2815">
    <p class='ocr_par' dir='ltr' id='par_1_6' title="bbox 217 2623 1618 2815">
     <span class='ocr_line' id='line_1_35' title="bbox 271 2623 1618 2677; baseline -0.007 -11"><span class='ocrx_word' id='word_1_230' title='bbox 271 2635 305 2677; x_wconf 87' lang='lat'>1)</span> <span class='ocrx_word' id='word_1_231' title='bbox 341 2633 386 2667; x_wconf 70' lang='lat' dir='ltr'>ro*</span> <span class='ocrx_word' id='word_1_232' title='bbox 425 2641 465 2664; x_wconf 78' lang='lat' dir='ltr'>ut</span> <span class='ocrx_word' id='word_1_233' title='bbox 500 2627 598 2666; x_wconf 79' lang='lat' dir='ltr'>deest</span> <span class='ocrx_word' id='word_1_234' title='bbox 631 2630 681 2662; x_wconf 83' lang='lat' dir='ltr'>al.</span> <span class='ocrx_word' id='word_1_235' title='bbox 743 2629 782 2673; x_wconf 78' lang='lat'>2)</span> <span class='ocrx_word' id='word_1_236' title='bbox 817 2628 860 2664; x_wconf 76' lang='grc' dir='ltr'>τὸ</span> <span class='ocrx_word' id='word_1_237' title='bbox 887 2641 982 2675; x_wconf 77' lang='lat' dir='ltr'>quae</span> <span class='ocrx_word' id='word_1_238' title='bbox 1007 2626 1073 2662; x_wconf 76' lang='grc' dir='ltr'>ΜΓ.</span> <span class='ocrx_word' id='word_1_239' title='bbox 1104 2636 1138 2660; x_wconf 80' lang='lat' dir='ltr'>et</span> <span class='ocrx_word' id='word_1_240' title='bbox 1165 2625 1287 2673; x_wconf 78' lang='lat' dir='ltr'>Steph.</span> <span class='ocrx_word' id='word_1_241' title='bbox 1328 2623 1436 2659; x_wconf 82' lang='lat' dir='ltr'>deest.</span> <span class='ocrx_word' id='word_1_242' title='bbox 1497 2623 1538 2665; x_wconf 52' lang='lat'>33</span> <span class='ocrx_word' id='word_1_243' title='bbox 1566 2625 1618 2656; x_wconf 80' lang='lat' dir='ltr'>al.</span> 
     </span>
     <span class='ocr_line' id='line_1_36' title="bbox 221 2668 1618 2736; baseline -0.007 -25"><span class='ocrx_word' id='word_1_244' title='bbox 221 2679 382 2725; x_wconf 74' lang='lat' dir='ltr'>equiturn</span> <span class='ocrx_word' id='word_1_245' title='bbox 412 2677 538 2728; x_wconf 60' lang='lat' dir='ltr'>itinera</span> <span class='ocrx_word' id='word_1_246' title='bbox 563 2674 694 2722; x_wconf 79' lang='lat' dir='ltr'>primo.</span> <span class='ocrx_word' id='word_1_247' title='bbox 748 2679 785 2728; x_wconf 69' lang='lat'>4)</span> <span class='ocrx_word' id='word_1_248' title='bbox 810 2677 860 2708; x_wconf 74' lang='lat' dir='ltr'>al.</span> <span class='ocrx_word' id='word_1_249' title='bbox 890 2674 1009 2707; x_wconf 73' lang='lat' dir='ltr'>adhue</span> <span class='ocrx_word' id='word_1_250' title='bbox 1038 2672 1279 2723; x_wconf 72' lang='lat' dir='ltr'>perplurimis.</span> <span class='ocrx_word' id='word_1_251' title='bbox 1334 2673 1372 2713; x_wconf 71' lang='grc' dir='ltr'>ὁ)</span> <span class='ocrx_word' id='word_1_252' title='bbox 1398 2668 1467 2704; x_wconf 82' lang='lat' dir='ltr'>Ms.</span> <span class='ocrx_word' id='word_1_253' title='bbox 1489 2671 1618 2736; x_wconf 50' lang='lat' dir='ltr'>³ermin-</span> 
     </span>
     <span class='ocr_line' id='line_1_37' title="bbox 217 2714 1615 2815; baseline -0.007 -10"><span class='ocrx_word' id='word_1_254' title='bbox 217 2721 1084 2815; x_wconf 47' lang='grc' dir='ltr'>ἓὲἓὲηιὲῐὶαιῗῖἕὲζῖωᾙΪ“Μ[ῗ’)ῑιῖἷῖᾁηῗῗῑὲ’ξιῗὸε</span> <span class='ocrx_word' id='word_1_255' title='bbox 1110 2718 1261 2810; x_wconf 50' lang='grc' dir='ltr'>ῑὲὲωῗὲἶζ</span> <span class='ocrx_word' id='word_1_256' title='bbox 1299 2726 1428 2751; x_wconf 53' lang='lat' dir='ltr'>‘ww&#39;</span> <span class='ocrx_word' id='word_1_257' title='bbox 1478 2716 1522 2763; x_wconf 59' lang='grc' dir='ltr'>δ)</span> <span class='ocrx_word' id='word_1_258' title='bbox 1548 2714 1615 2771; x_wconf 62' lang='lat' dir='ltr'>NJ</span> 
     </span>
    </p>
   </div>
  </div>
 </body>
</html>
