1727 3144
376 157 447 187 DE
491 158 914 189 CONSTANTINO
950 161 999 190 31.
1040 162 1166 192 Eure.
1391 154 1484 197 «511

72 263 436 329 persecutionis
485 267 806 331 iniquiffimae
858 267 921 315 ad
974 284 1219 318 auctorem
1275 271 1488 322 scelerati

85 335 335 397 praecepti
378 335 619 383 iustiffinia
666 346 825 400 poena
872 337 1120 387 redeunte.
1222 340 1488 405 Imperavit

87 420 197 450 ann.
232 421 335 449 xix.

187 471 393 519 Severus
432 472 604 521 Caesar
637 474 867 538 ignobilis
905 488 951 521 et
991 475 1210 523 moribus
1240 491 1287 524 et
1322 479 1527 540 natali-9

68 538 198 600 hus,
233 540 476 602 ebriosus,
511 557 558 590 et
578 543 673 589 hoc
697 544 896 590 Galerio
918 544 1116 592 amit-us.
1197 546 1341 593 Hunc
1371 566 1486 611 ergo

27 627 33 641 ¹
84 622 132 656 et
155 608 474 657 Maximinum
501 612 723 658 Galerius
747 612 966 659 Caesares
988 614 1130 674 feeit,
1175 615 1488 664 Constantino

79 677 208 725 :nihil
228 680 317 726 tale
341 679 584 729 noscente.
658 681 788 726 Huic
812 682 993 727 Severo
1015 681 1289 731 Pannoniae
1319 699 1366 731 et
1397 686 1489 732 Ita-

24 743 172 808 ,ssliae
224 748 370 795 urbes
414 763 462 795 et
504 749 701 799 Africae
744 751 1069 809 contigerunt.
1157 752 1271 806 Quo
1321 754 1490 800 Caesar

63 813 354 862 ..Maxentius
375 817 530 863 factus
555 815 622 861 est
643 815 928 878 imperator.
999 816 1128 864 Nam
1159 817 1373 865 desertus
1404 822 1488 867 Se-

78 899 221 932 verus
246 901 270 928 a
292 883 411 942 suis,
447 883 571 946 fugit
593 883 886 930 Ravennam.
967 884 1065 932 Pro
1098 885 1348 935 Maxentio
1366 891 1484 937 ,xfilio
1506 909 1556 937 10

69 961 308 999 evocatus
340 952 454 997 illuc
486 952 619 997 venit
649 952 938 1012 Herculius,
979 954 1063 1017 qui
1094 972 1178 1016 per
1215 957 1485 1018 periurium

75 1021 314 1069 Severum
346 1019 635 1083 deceptum,
672 1020 917 1068 custodiae
948 1023 1171 1079 tradidit,
1220 1038 1264 1070 et
1304 1026 1485 1088 captivi

72 1090 253 1137 habitu
275 1089 322 1134 in
343 1093 515 1135 urbem
537 1089 777 1152 perduxit,
805 1104 853 1137 et
871 1091 920 1136 in
945 1091 1054 1137 villa
1079 1093 1274 1154 publica
1296 1095 1487 1157 Appiae

28 1189 31 1191 >
76 1159 183 1205 viae
206 1156 446 1204 tricelinio
476 1158 703 1205 milliario
726 1157 956 1206 custodiri
979 1160 1107 1206 fecit.
1183 1161 1348 1208 Postea
1373 1182 1486 1211 cum

66 1227 303 1274 ‚Galerius
330 1227 517 1273 Italiam
541 1241 752 1290 peteret,
783 1228 863 1274 ille
886 1229 1125 1292 iugulatus
1152 1230 1239 1289 est,
1283 1245 1329 1278 et
1352 1233 1487 1279 dein-

69 1295 141 1345 ,de
172 1296 351 1347 relatus
382 1296 441 1340 ad
476 1309 698 1344 octavum
731 1297 1037 1355 milliarium,
1077 1299 1403 1364 conditusque
1434 1302 1486 1347 in

78 1364 292 1412 Gallieni
320 1378 654 1412 monumento.
733 1365 889 1429 Igitur
919 1367 1142 1414 Galerius
1171 1367 1234 1414 fic
1269 1368 1484 1417 ebriosus
1507 1394 1549 1422 η

75 1433 194 1494 fuit,
237 1447 291 1479 ut
317 1433 511 1480 iuberet
540 1434 832 1481 temulentus
865 1453 941 1494 ea,
987 1454 1110 1500 quae
1143 1437 1362 1485 facienda
1386 1457 1485 1485 non

67 1501 252 1562 .ess'ent,
283 1521 308 1548 a
332 1503 577 1566 praefecto
604 1502 880 1550 admonitus
904 1505 1230 1568 constituerit,
1275 1525 1334 1554 ne
1367 1507 1485 1554 iuss'a

79 1573 182 1620 eius
209 1570 382 1635 aliquis
405 1571 510 1636 post
532 1571 787 1635 prandium
806 1573 1000 1620 faceret.

178 1641 369 1688 Interea
396 1641 736 1688 Constantinus
761 1643 892 1706 apud
916 1643 1162 1690 Veronam
1184 1642 1321 1690 victis
1352 1641 1484 1689 duci·
1503 1662 1555 1692 12

75 1708 169 1756 hus
195 1709 412 1771 tyranni,
448 1709 655 1757 Romam
676 1710 832 1775 petiit.
905 1713 1029 1759 Cum
1047 1725 1206 1758 autem
1229 1712 1289 1775 ad
1314 1714 1486 1759 urbem

77 1778 421 1827 Constantinus
453 1779 677 1837 veniss'et,
732 1779 935 1844 egress'us
976 1798 1031 1828 ex
1059 1780 1182 1826 urbe
1211 1781 1486 1828 Maxentius

76 1865 302 1911 campum
325 1847 464 1911 supra
496 1847 748 1909 Tiberim,
780 1850 829 1894 in
866 1868 963 1914 quo
999 1849 1279 1910 dimicaret,
1325 1850 1484 1912 elegit.

77 1916 178 1962 Ubi
212 1916 388 1977 victus,
436 1917 611 1981 fugatis
643 1919 871 1965 omnibus
908 1919 1030 1978 suis,
1081 1919 1207 1964 inter
1250 1919 1485 1981 angustias

67 1984 284 2032 arcentis
316 1986 488 2048 populi
529 1986 697 2048 periit,
748 2005 875 2050 equo
917 1987 1261 2049 praecipitatus
1304 1987 1353 2030 iu
1397 1989 1486 2032 flu·-

75 2053 227 2101 vium.
309 2053 501 2100 Postera
536 2053 614 2101 die
641 2072 821 2118 corpus
854 2054 1000 2117 iplius
1029 2055 1240 2101 levatum
1265 2055 1483 2116 flumine,

78 2136 127 2170 et
145 2136 292 2186 caput
315 2121 416 2169 eius
437 2120 642 2168 incisum
660 2159 673 2182 ,
705 2125 755 2168 in
782 2123 955 2170 urbem
988 2123 1223 2186 perlatum
1252 2122 1330 2168 est÷
1406 2124 1482 2171 De

75 2192 214 2239 cuius
236 2190 422 2253 origine
444 2205 598 2238 mater
619 2191 721 2237 eius
742 2210 852 2238 cum
879 2190 1145 2257 quaesitum
1177 2189 1314 2250 effet,
1359 2193 1482 2256 Syro

68 2258 295 2324 quodam
314 2259 532 2323 genitum
559 2259 651 2308 effe
679 2260 890 2308 confess'a
919 2259 1182 2324 respondit.
1268 2260 1483 2324 Impera÷

76 2343 150 2377 vit
179 2347 273 2375 ann
302 2365 311 2374 .
339 2365 348 2374 .
373 2365 382 2374 .

173 2397 390 2445 Licinius
426 2398 591 2463 itaque
625 2415 681 2446 ex
709 2415 833 2445 nova
870 2398 1022 2445 Dacia
1055 2398 1240 2446 vilioris
1264 2397 1550 2460 originis,13

77 2485 106 2514 a
125 2466 324 2515 Galerio
343 2468 498 2514 factus
519 2469 808 2532 imperator,
846 2468 978 2514 velut
1002 2466 1255 2514 adversum
1278 2466 1482 2513 Maxen-

78 2536 203 2583 tium
222 2549 542 2601 pugnaturus.
629 2535 732 2584 Sed
772 2535 994 2600 opprcss'o
1040 2536 1316 2594 Maxentio,
1368 2553 1481 2581 cuin

78 2604 325 2668 recepiss'et
351 2606 539 2652 Italiam
575 2607 939 2665 Constantinus,
978 2605 1075 2652 hoc
1107 2604 1351 2651 Licinium
1384 2605 1482 2651 foe-

81 2674 195 2720 dere
215 2673 305 2721 fibi
325 2674 442 2722 fecit
462 2673 675 2741 adiungi,
697 2687 750 2721 ut
769 2674 987 2722 >Licinius
1009 2673 1333 2723 Constantiani
1354 2672 1482 2720 [0ιόἑ

749 2742 792 2797 Q
816 2761 845 2804 q
881 2758 907 2789 2
