1727 3144
515 145 896 177 loviano&
969 133 1084 178 565.
1400 135 1497 197 593

88 252 159 301 sas
190 267 391 318 pontem
421 254 622 318 iungere
648 255 823 320 procul
856 272 881 302 e
913 255 1077 303 nostro
1111 256 1398 320 conspeetu,
1442 275 1499 308 ut

87 322 195 386 post
211 324 449 385 firmatam
472 342 641 388 pacem
665 338 712 372 et
736 323 935 372 foedera
956 323 1126 389 sopitis
1150 325 1267 372 belli
1296 329 1499 376 turbini-

88 393 206 452 bus,
239 392 528 440 incuriolius
549 392 823 458 gradientes
850 397 1043 458 aegrbs,
1083 408 1130 441 et
1162 394 1386 441 animalia
1416 416 1498 460 pe..

87 459 246 508 terent
277 460 364 508 diu
394 460 677 527 defatigata:
725 481 894 510 verum
931 481 1044 510 eum
1084 461 1130 510 fe
1163 461 1388 527 proditos
1418 466 1497 512 ad-

86 529 359 589 vertill'ent,
391 549 417 577 a
438 547 616 579 conatu
637 532 825 580 nefario
851 531 1150 580 destiterunt.
1224 531 1329 580 Hac
1352 532 1495 581 etiam
1516 539 1544 582 5

84 595 358 662 suspicione
405 600 501 647 iam
554 601 724 662 liberi,
777 615 1193 666 properantesque
1240 600 1497 649 itineribus

82 668 295 730 magnis,
328 687 483 732 prope
505 669 710 716 Hatram
735 671 981 731 venimus,
1009 685 1146 718 vetus
1176 669 1417 734 oppidum
1447 672 1497 718 in

82 735 244 782 media
259 734 523 783 solitudine
544 737 779 800 politum,
812 738 1029 801 olimque
1051 737 1320 786 desertum:
1360 740 1495 804 quod

83 801 380 852 diruendum
401 803 563 851 adorti
584 806 891 870 temporibus
912 807 1055 854 variis
1079 807 1319 854 Traianus
1346 822 1393 855 et
1413 809 1498 856 Se«

79 889 221 919 verus
245 873 492 938 principes
512 873 761 936 bellicosi,
793 894 907 922 cum
927 876 1220 923 exercitibus
1240 894 1394 939 paene
1416 877 1496 925 de-

78 940 166 989 leti
193 940 332 1000 sunt,
374 956 430 989 ut
456 941 507 988 in
536 960 707 991 eorum
742 945 931 991 actibus
960 945 1043 991 has
1079 963 1281 1010 quoque
1306 945 1496 1009 digesti-

79 1028 185 1057 mus
211 1024 388 1076 partes.
464 1010 612 1059 Unde
647 1013 876 1077 cognito,
920 1031 1005 1076 per
1038 1028 1314 1077 porrectam
1347 1015 1543 1078 plani-6

78 1079 224 1141 uem,
270 1079 487 1144 adusque
516 1080 734 1144 lapidem
763 1080 1197 1146 septuagefimum,
1253 1081 1303 1128 in
1341 1085 1495 1145 regio<

78 1149 223 1196 nibus
242 1150 387 1196 aridis
408 1166 498 1196 nec
517 1168 693 1214 aquam
713 1149 922 1198 inveniri
953 1149 1083 1214 poffe
1109 1164 1298 1213 praeter
1326 1150 1495 1200 salsam

79 1231 128 1264 et
144 1217 405 1278 faetidam,
442 1235 533 1265 nec
563 1217 623 1264 ad
655 1218 837 1266 victum
860 1219 1048 1284 aliquid
1069 1219 1155 1265 nili
1181 1221 1494 1282 abrotonum,

80 1300 127 1333 ct
156 1286 477 1346 ablinthium,
531 1301 578 1334 et
613 1286 949 1349 dracontium,
1006 1288 1193 1352 aliaque
1228 1289 1493 1337 herbarum

80 1372 255 1418 genera
286 1353 571 1402 tristissima:
620 1355 752 1418 vasa,
805 1375 929 1421 quae
964 1359 1309 1421 portabantur,
1356 1358 1493 1422 aquis

82 1423 282 1487 impleta
311 1424 421 1471 sunt
459 1423 708 1472 dulcibus:
756 1440 801 1472 et
835 1426 1055 1472 mactatis
1084 1427 1281 1474 camelis
1308 1426 1494 1473 iumen-

78 1492 239 1557 tisque
262 1494 393 1553 aliis,
429 1493 657 1540 alimenta
679 1493 890 1558 quaefita
911 1493 1020 1540 [unt
1040 1494 1154 1541 licet
1176 1496 1334 1542 noxia.

179 1561 243 1608 Et
261 1562 337 1609 via
354 1561 434 1609 fex
459 1561 647 1608 dierum
672 1561 887 1623 emensa,
929 1581 1042 1609 cum
1065 1581 1124 1609 ne
1152 1565 1365 1624 gramina
1388 1565 1492 1628 qui·
1510 1583 1539 1626 7

81 1627 193 1677 dem
213 1631 564 1690 invenirentur,
594 1629 762 1678 solatia
779 1629 1070 1678 necesfitatis
1094 1645 1360 1679 extremae:
1395 1631 1491 1680 dux

78 1697 466 1764 ⁸Mesopotamiae
488 1698 752 1760 Casfianus‚
788 1713 836 1747 et
861 1699 1086 1746 tribunus
1105 1699 1375 1748 Mauricius
1396 1702 1493 1764 pri-

80 1765 195 1814 dem
229 1770 293 1816 oh
326 1769 425 1817 hoe
453 1768 642 1829 ωἰΙΓηε,
681 1770 716 1833 ⁵)
740 1768 803 1816 ad
829 1767 902 1816 Ur
927 1768 1127 1816 nomine
1147 1768 1394 1817 Perlicum
1416 1787 1494 1817 ve-

77 1854 194 1884 nere
216 1837 491 1898 castellum,
519 1837 658 1883 cibos
678 1838 888 1885 ferentes
911 1855 967 1884 ex
995 1837 1072 1884 his
1089 1874 1099 1894 ‚
1143 1855 1266 1902 quos
1297 1838 1492 1887 relictus

78 1923 190 1953 cum
210 1905 459 1972 Procopio
483 1920 530 1953 et
552 1906 833 1954 Sebastiano
860 1906 1095 1955 exercitus
1131 1906 1324 1971 parcius
1357 1907 1493 1954 victi-

78 1987 184 2032 tans
215 1974 537 2023 conservarat.
622 1975 754 2022 Hinc
787 1974 1062 2039 Procopius
1103 1978 1223 2024 alter
1257 1977 1488 2035 notarius,
1510 1991 1536 2034 3

80 2056 128 2090 et
152 2041 191 2108 6)
211 2043 521 2092 Memoridus
541 2043 764 2091 militaris
793 2044 1044 2105 tribunus,
1077 2045 1141 2092 ad
1171 2059 1346 2092 tractus
1380 2045 1490 2108 Illy-

80 2111 207 2159 ricos
255 2115 513 2161 mittuntur
565 2127 613 2160 et
650 2113 947 2175 Galliarum,
1000 2115 1268 2161 nuntiaturi
1313 2113 1490 2160 Iuliani

79 2195 316 2242 mortem,
350 2196 397 2229 et
424 2182 683 2229 Iovianum
706 2182 813 2246 post
843 2183 946 2230 eius
979 2183 1168 2229 obitum
1203 2181 1266 2228 ad
1295 2181 1488 2227 culmen

83 2250 333 2313 augustum
355 2264 594 2297 evectum.
669 2250 862 2306 Quibus
892 2250 1204 2298 mandaverat
1235 2249 1486 2312 Princeps,
1509 2277 1534 2315 9

78 2331 134 2363 ut
173 2319 497 2366 Lucillianum
517 2318 739 2366 socerum
760 2319 924 2382 suum,
962 2320 1066 2384 post
1098 2317 1370 2382 depolitum
1400 2318 1489 2363 nii-

78 2385 211 2435 litiae
239 2406 414 2435 munus
441 2386 698 2452 digreffum
726 2388 787 2435 ad
813 2389 991 2450 otium,
1024 2400 1391 2450 morantemque
1427 2403 1484 2433 eo

81 2467 303 2521 tempore
324 2456 455 2522 apud
475 2457 736 2519 Sirmium,
775 2459 950 2505 oblatis
980 2454 1235 2519 magisterii
1265 2454 1484 2517 equitum

82 2537 129 2570 et
152 2525 372 2589 peditum
395 2525 662 2586 codicillis,
696 2544 818 2590 quos
842 2526 1015 2574 iisdem
1043 2522 1307 2570 tradiderat
1326 2559 1338 2583 ‚
1378 2542 1486 2587 pro.

81 2609 246 2654 perare
272 2595 609 2642 Mediolanum
635 2610 889 2659 urgerent,
926 2612 1000 2642 res
1031 2596 1332 2640 firmaturum
1359 2592 1486 2639 anci-

126 2760 170 2802 5)
198 2758 266 2793 ΜΓ.
295 2759 397 2794 adut.
448 2762 483 2805 6«.
516 2761 563 2791 nl.
592 2759 802 2794 Memorius.
