1727 3144
234 135 668 169 consulumue
707 135 782 167 ET
814 135 1136 167 IULtsNUs.
1210 124 1325 182 559.
1411 139 1502 184 ¹⁴³9

87 248 123 310 ¹)
163 245 337 306 eII'ent,
403 260 452 293 et
495 243 761 292 Eusebium
803 239 948 308 atque
999 242 1271 306 Hypatium
1329 246 1500 294 fratres

85 315 404 367 sublimarent
425 315 662 362 vocabula
685 312 967 374 consulum,
1008 312 1229 360 Iulianus
1260 316 1497 362 contextis

85 383 374 432 successibus
407 384 591 444 elaru5‚
633 381 766 448 apud
797 382 1030 443 hiberna,
1082 381 1387 447 sequestratis
1427 383 1498 429 in-

85 453 229 510 terim
262 451 675 502 sollicitudinibus
703 452 917 512 bellicis,
954 451 1105 499 'haud
1143 451 1334 499 minore
1378 470 1494 498 cura

82 523 451 586 provinciarum
476 522 687 570 fortunis
718 523 872 570 multa
899 520 1227 569 conducentia
1268 520 1498 585 dispone-

81 592 196 639 bat:
232 591 492 653 diligentei
515 591 799 653 observans,
827 608 888 638 ne
913 608 1060 654 quem
1084 591 1384 638 tributorum
1407 588 1498 636 sai-

83 659 195 708 cina
233 675 602 725 praegravaiet‚
666 677 788 708 neve
827 659 1048 724 potentia
1085 660 1127 726 2)
1167 659 1499 725 praesumeret

79 729 237 777 aliena
255 766 269 791 ‚
308 743 400 776 aut
407 729 444 776 ii
468 728 807 778 ver-'salentur
794 747 846 775 m
870 727 1061 789 medio,
1103 747 1318 793 quorum
1351 727 1499 805 patri-

79 799 245 846 monia
267 798 494 862 publicae
512 799 675 846 clades
704 798 970 863 augebant,
1002 798 1081 847 vel
1111 797 1335 846 iudicum
1365 798 1495 863 quis-

81 885 229 931 quam
251 869 313 914 ab
339 868 583 933 aequitate
616 866 830 918 deviaret
859 867 1078 932 impune.
1160 868 1321 934 quue
1351 883 1409 915 ea
1441 883 1534 914 re2

78 936 176 984 levi
191 937 362 985 labore
381 937 617 998 correxit,
656 936 790 1003 quod
808 934 910 1002 ipse
931 937 1087 1001 iurgia
1113 936 1374 1000 dirimens,
1403 936 1493 983 ubi

78 1005 329 1053 causarum
348 1007 557 1070 cogebat
574 1005 859 1070 magnitudo
892 1007 969 1053 vel
997 1004 1341 1071 personarum,
1389 1019 1494 1053 erat

76 1074 438 1122 indeclinabilis
483 1075 721 1125 iustorum
769 1075 1160 1141 iniustorumque
1217 1075 1487 1123 distinctor.

76 1142 139 1190 Et
154 1144 274 1191 licet
299 1144 451 1191 inulta
471 1143 561 1191 [int
584 1144 685 1196 eius
709 1143 954 1192 laudanda
971 1145 1024 1192 in
1054 1144 1341 1192 huiusmodi
1374 1151 1527 1194 con-3

75 1212 345 1274 troverliis,
395 1232 549 1260 unum
593 1227 755 1261 tamen
790 1213 996 1261 sufficiet
1040 1214 1186 1277 poni,
1249 1212 1310 1259 ad
1350 1212 1489 1259 cuius

78 1281 443 1328 limilitudinem
467 1296 573 1328 acta
591 1283 670 1328 vel
688 1281 818 1329 dicta
840 1280 964 1329 funt.
1044 1281 1336 1328 Numerium
1372 1279 1419 1329 N
1424 1286 1530 1341 atr-4

77 1348 302 1396 bonenfis
333 1350 496 1412 paullo
525 1363 635 1396 ante
663 1363 901 1397 rectorem
931 1348 1207 1397 accusatum
1238 1364 1292 1395 ut
1314 1350 1494 1405 furem,

77 1417 302 1465 inusitato
325 1416 547 1464 censorio
575 1417 612 1482 ³)
635 1417 805 1481 vigore
833 1434 925 1481 pro
954 1418 1188 1465 tribunali
1217 1420 1377 1482 palam
1408 1416 1491 1464 ad-

80 1486 222 1534 missis
253 1486 530 1534 volentibus
559 1485 815 1532 audiebat:
862 1487 948 1549 qui
978 1505 1092 1533 cum
1124 1489 1166 1551 ⁴)
1195 1487 1491 1533 infitiatione

78 1554 364 1602 defenderet
401 1555 619 1614 obiecta,
656 1571 747 1600 nec
778 1553 933 1617 poss'et
960 1554 1010 1599 in
1040 1572 1293 1618 quoquam
1319 1555 1492 1601 confu-

76 1626 191 1686 tari3
222 1622 520 1688 Delphidius
544 1634 710 1669 orator
737 1621 999 1669 acerrimus
1027 1622 1345 1670 vehementer
1376 1640 1489 1670 eum

76 1694 391 1758 impugnans,
444 1689 856 1738 documentorum
891 1690 1060 1755 inopia
1085 1691 1300 1756 percitus
1337 1691 1491 1739 excla-

75 1763 251 1810 mavit:
309 1763 511 1823 Ecquis,
543 1760 883 1822 florentffme
925 1762 1132 1821 Caesar,
1187 1778 1360 1808 nocens
1398 1762 1487 1823 effe

67 1833 253 1894 poterit
269 1847 491 1892 usquam,
511 1832 566 1889 st
586 1847 776 1891 negare
787 1829 822 1893 ⁵)
824 1828 1115 1892 suffecerit?
1146 1844 1317 1877 contra
1338 1848 1486 1894 quem

73 1901 289 1949 Iulianus
312 1898 581 1963 prudenter
602 1911 764 1944 motus
786 1915 842 1944 ex
860 1911 1084 1961 tempore
1100 1935 1112 1959 ,
1160 1902 1363 1963 Ecquis,
1402 1899 1484 1959 ait,

75 1975 300 2017 innocens
330 1969 418 2030 effe
435 1968 642 2030 poterit,
660 1969 714 2026 st
736 1968 972 2031 accusasse
982 1968 1237 2030 Jisfficc'et?
1273 1968 1336 2016 Et
1363 1967 1485 2015 haec

74 2039 276 2105 quidem
298 2051 345 2084 et
364 2035 651 2083 huiusmodi
676 2036 828 2083 multa
849 2036 1030 2083 civilia.

167 2107 237 2155 II.
280 2103 562 2169 Egress'urus
591 2119 754 2152 autem
783 2105 844 2152 ad
876 2106 1187 2170 plocinctum
1208 2119 1480 2170 urgentem,
1497 2123 1513 2148 1

73 2195 187 2222 cum
211 2174 597 2222 Alamannorum
619 2191 771 2238 pagos
794 2174 983 2238 aliquos
1003 2173 1093 2222 effe
1119 2188 1367 2238 reputaret
1395 2173 1485 2220 ho-

72 2245 226 2305 stiles,
262 2257 309 2292 et
325 2240 573 2289 ausuros
561 2243 818 2301 immania,
855 2262 905 2289 ni
937 2243 1027 2308 ipfi
1061 2261 1261 2308 quoque
1291 2242 1353 2289 ad
1378 2259 1484 2288 cae-

74 2328 291 2361 ten-oxum
334 2310 658 2358 sternerentur
702 2312 949 2376 exempla:
1013 2312 1248 2360 haenebat
1297 2311 1483 2370 anxius,

74 2401 170 2447 qua
202 2381 276 2440 vi,
319 2399 412 2445 qua
440 2380 712 2442 celeritate,
750 2399 863 2428 cum
897 2382 1110 2445 primum
1142 2380 1264 2427 ratio
1288 2380 1482 2443 copiam

74 2449 312 2497 tribuiffet
332 2486 344 2510 7
389 2466 583 2496 rumore
614 2449 872 2514 praecurso
902 2464 1052 2499 terras
1089 2466 1258 2496 eorum
1287 2447 1485 2495 invade-

75 2532 149 2567 ret
176 2532 473 2583 repentinus.

127 2707 157 2755 t)
186 2705 236 2738 al.
267 2701 360 2738 effet.
408 2705 444 2741 2)
475 2703 525 2736 al.
554 2713 764 2749 praemetet.
805 2703 850 2750 ¹5)
879 2702 947 2738 Ml.
977 2702 1112 2748 tigore.
1165 2702 1201 2747 4)
1229 2699 1355 2747 steph.
1383 2697 1486 2734 infita

77 2751 227 2784 ratione.
286 2754 322 2795 5)
352 2750 403 2783 al.
433 2747 612 2784 suffece1it
640 2761 746 2782 enea.
