1727 3144
250 139 326 169 DE
363 138 653 171 onoaenE
690 139 1106 172 ‘rueonssluco
1139 142 1263 173 Ere.
1405 130 1498 174 621

95 246 156 295 de
178 247 343 294 multis
365 247 536 296 eius'in
558 250 1024 297 commemoratione
1047 250 1266 316 posuiss'e.
1336 251 1498 301 Dixit:

74 316 284 364 ‹Aurum
317 331 398 363 aut
428 316 716 365 daemonem
746 319 831 383 qui
861 319 1033 380 habet,
1066 337 1175 376 >non
1211 339 1320 367 eum
1345 322 1500 385 potest

92 386 410 433 abscondere.
492 387 644 433 Item:
694 388 1117 443 Romanus'miser
1147 389 1363 436 imitatur
1400 393 1499 438 Go-

91 454 264 511 thum:
299 470 346 503 et
374 456 506 502 utilis
532 456 727 502 Gothus
759 458 976 505 imitatur
1010 458 1298 506 Romanum.
1381 459 1501 516 Qui·
1517 461 1573 504 62

94 522 208 570 dam
231 523 489 571 defunctus
510 525 599 585 est,
639 539 686 573 et
706 526 902 591 reliquit
919 544 1146 588 uxorcm,
1178 543 1225 574 et
1246 528 1500 592 parvulum

73 592 247 640 ssfiliffln
266 593 558 641 nescientem
583 609 802 642 matrem.
885 595 966 642 Ab
998 597 1162 660 aliquo
1191 597 1403 643 sublatus
1435 597 1501 645 est

87 661 217 708 filius
239 662 340 709 eius
371 663 621 726 parvulus,
658 677 704 710 et
731 663 904 709 ductus
928 664 978 709 in
1007 665 1148 710 aliam
1172 667 1497 729 provinciam,

89 744 136 777 et
160 731 419 778 educatus:
454 733 608 777 sactus
634 730 822 778 iuvenis
851 732 1207 795 quoquomodo
1244 735 1499 783 revertitur

85 797 152 845 ad
186 815 434 856 .1natren1,
480 805 634 844 mater
682 798 811 845 enim
869 799 966 845 iam
1013 799 1278 862 sponderat
1298 803 1494 850 ⁴virum.

64 865 426 915 :Cunzr'vicliss'et
450 879 628 926 mater,
661 865 970 928 amplectitur
995 867 1169 928 filium,
1200 870 1496 926 benedicens

67 937 275 997 2Deum,
297 935 351 983 'se
370 935 528 981 filium
551 933 794 995 revidiffe‚
831 948 877 981 et
896 935 1013 981 fecit
1031 954 1143 982 cum
1169 954 1228 984 eo
1251 937 1354 985 dies
1373 957 1493 987 xxx.

67 1019 135 1053 ‘et
160 1007 288 1053 ecce
319 1004 518 1052 veniens
558 1001 758 1065 sponsus
801 1004 986 1064 matris,
1043 1003 1213 1053 videns
1249 1007 1495 1069 iuvenem,

83 1070 430 1138 interroga-vit,
469 1071 576 1137 quis
601 1071 740 1120 elset:
787 1091 910 1137 quae
939 1071 1189 1136 respoudit
1233 1075 1323 1123 effe
1346 1075 1496 1124 suum

68 1144 258 1190 filium.
340 1142 413 1190 At'
437 1142 524 1188 ubi
556 1141 798 1206 comperit
839 1141 929 1188 effe
964 1143 1121 1188 filium
1153 1144 1285 1204 eius,
1329 1146 1496 1209 eoepit

85 1227 306 1277 repetere
329 1230 455 1258 arras
478 1225 525 1258 et
547 1210 736 1258 dicere:
774 1210 875 1257 Aut
895 1228 1017 1274 nega
1039 1211 1197 1258 filium
1217 1228 1356 1260 tuum
1384 1214 1493 1275 effe,

84 1296 168 1328 aut
218 1300 332 1330 vere
384 1278 596 1328 abscedo
639 1279 770 1326 hinc.
849 1279 1031 1328 Mulier
1074 1283 1388 1345 compellitur
1432 1285 1493 1330 ab

71 1349 288 1415 sponso,
333 1365 380 1398 et
411 1351 576 1413 coepit
611 1365 786 1413 negare
827 1349 1011 1410 filium,
1071 1369 1215 1414 quem
1252 1351 1352 1414 ipsa
1381 1366 1493 1400 aute

84 1420 295 1468 confessa
317 1420 408 1480 est,
440 1433 487 1466 et
511 1418 700 1465 dicere:
734 1417 875 1465 Vade
899 1419 1087 1465 iuvenis
1109 1418 1168 1467 de
1193 1419 1342 1468 domo
1371 1439 1496 1482 mea,

92 1489 205 1553 quia
254 1489 563 1554 peregrinum
601 1501 648 1534 te
691 1485 897 1550 suscepi.
983 1488 1072 1536 Ille
1116 1489 1247 1536 enim
1288 1488 1499 1551 dicebat,

89 1558 350 1622 regress'um
376 1558 423 1604 se
446 1557 507 1604 ad
530 1570 732 1604 matrem
755 1556 804 1602 in
831 1556 1031 1604 domum
1056 1559 1202 1622 patris
1222 1557 1309 1605 sui.
1366 1559 1504 1615 Quid

64 1626 277 1675 -multa'?
336 1629 467 1674 Dum
505 1626 626 1673 haec
657 1640 889 1689 aguntur,
938 1627 1067 1674 filius
1104 1628 1296 1691 rogavit
1336 1645 1500 1691 regem

85 1695 314 1743 adversus
330 1710 563 1755 matrem,
601 1713 745 1760 quam
772 1713 853 1742 rex
876 1694 1001 1742 iussit
1028 1698 1077 1742 in
1112 1697 1379 1760 conspectu
1408 1696 1496 1744 suo

85 1764 194 1812 fisti.
233 1783 238 1788 ·
277 1767 369 1814 Cui
398 1779 446 1812 et
479 1765 625 1825 dixit:
670 1764 876 1825 Mulier,
913 1766 1042 1812 filius
1066 1780 1175 1812 tuus
1194 1764 1493 1822 adversus-te

86 1847 254 1895 rogat,
311 1833 613 1900 quidwdicis?
655 1833 721 1880 est
741 1834 871 1880 filius
894 1834 1039 1881 tuus?
1080 1853 1137 1880 au
1169 1834 1307 1881 uon?
1353 1838 1494 1898 Quae

85 1902 232 1949 dix-it:
266 1903 379 1950 Non
398 1903 470 1951 'est
494 1920 629 1950 meus
651 1903 807 1958 filius-3
855 1902 939 1949 sed
959 1905 1268 1967 peregrinum
1290 1903 1493 1965 suscepi.

84 1971 148 2018 Et
165 1972 393 2035 dum-per
414 1972 638 2020 ordinem
663 1972 826 2018 onmia
846 1973 976 2018 filius
999 1972 1215 2018 mulieris
1236 1971 1494 2018 intimasset

84 2040 137 2086 in
174 2041 373 2087 auribus
412 2041 564 2104 regis,
600 2039 720 2086 dicit
759 2039 952 2087 mulieri
999 2039 1188 2087 denuo:
1238 2039 1320 2085 Est
1359 2039 1492 2090 filius

85 2108 234 2156 tuus'?
278 2125 338 2155 an
369 2109 507 2156 non'?
547 2126 672 2172 quae
704 2109 853 2155 dixit:
880 2108 1021 2155 -Non
1063 2108 1128 2155 est
1170 2107 1298 2153 filius
1336 2126 1487 2156 meus.

85 2177 223 2225 Dicit
239 2177 282 2224 ei
305 2195 410 2224 rex:
446 2178 506 2224 Et
531 2194 653 2241 quae
678 2177 742 2223 est
756 2177 955 2224 facultas
978 2191 1091 2238 tua5
1117 2176 1292 2223 mulier
1308 2176 1331 2221 '2'
1367 2196 1490 2241 quae

84 2245 362 2310 respoudit:
404 2243 568 2312 Usque
597 2245 660 2292 ad
687 2246 831 2293 mille-
850 2245 1049 2294 solidos.
1128 2245 1189 2292 Et
1219 2259 1321 2291 tum
1356 2246 1491 2292 aliud

84 2315 132 2363 se
154 2333 247 2363 'rex
277 2334 375 2363 non
405 2314 496 2364 effe
516 2315 757 2362 facturum
777 2313 864 2362 sub
884 2314 1221 2362 iusiurandum
1245 2314 1490 2378 pollicitus

86 2384 167 2444 est,
197 2384 285 2431 nifi
306 2384 465 2449 ipsum
484 2383 633 2431 alium
655 2401 751 2431 non
763 2385 1006 2448 acciperet
1026 2383 1271 2431 maritum.
1347 2382 1490 2430 Tunc

86 2453 283 2500 confusa
309 2452 374 2502 est
395 2454 596 2514 mulier,
634 2467 681 2500 et
706 2454 916 2502 confessa
936 2453 1002 2500 est
1021 2451 1160 2500 suum
1192 2452 1281 2500 ess'e
1314 2452 1487 2500 filium.

87 2521 214 2570 Sunt
235 2523 337 2571 eius
367 2537 420 2571 et³
435 2524 583 2575 multa
603 2522 707 2569 alia.

187 2663 354 2713 Postea
385 2682 505 2713 vero¹
536 2664 724 2729 accepit
750 2681 958 2712 uxorem
983 2663 1042 2711 de
1067 2661 1264 2711 Francis
1292 2663 1488 2710 nomine
1507 2670 1564 2715 63

85 2731 422 2799 Augossadam.
506 2734 632 2781 Nam
663 2750 863 2781 uxorem
905 2733 1074 2779 habuit
1118 2747 1225 2779 ante
1269 2750 1487 2795 reguum,
