1727 3144
217 156 314 199 540
439 166 719 200 ΑΜΜΙΑΝῙ
763 162 1144 200 ΜΑΒΟΕΜᾸΝΙ
1175 170 1295 216 xxx,
1341 170 1381 200 1.
1417 171 1460 200 2.

211 278 380 334 citum,
416 277 552 343 quod
578 277 818 342 Pyrrhum
841 276 1031 323 Italiam
1052 291 1167 325 tunc
1187 277 1326 326 bellis
1344 277 1614 327 saevissimis

211 362 488 395 exurentem
504 384 517 407 ,
550 363 738 394 veneno
758 346 948 410 poculis
969 346 1160 392 necabit
1177 346 1397 394 infectis:
1429 348 1486 414 ¹²)
1504 346 1614 397 scri-

208 415 454 481 pseritque
489 414 550 462 ad
581 432 766 478 regem,
808 428 863 461 ut
892 415 952 461 ab
987 413 1220 464 interiore
1252 431 1442 464 caveret
1479 415 1615 463 obse-

209 486 341 549 quio.
431 485 644 532 Tantum
691 483 987 530 reverentiae
1033 483 1197 530 locum
1238 484 1370 548 apud
1406 484 1612 549 priscam

207 555 341 601 illam
367 553 620 614 iustitiam,
658 553 734 599 vel
764 551 947 599 hostilis
977 551 1167 600 mensae
1197 554 1447 617 genialitas
1488 553 1613 600 oliti·-

136 627 193 672 2⁹5
209 625 370 670 nebat.
440 622 624 669 Verum
659 620 967 668 excusabatur
996 639 1161 668 recens
1189 622 1467 669 inusitatum
1498 621 1613 668 faci-

207 710 296 738 nus
319 706 366 738 et
390 690 670 755 pudendum
699 690 840 737 necis
865 691 1088 754 exemplo
1119 691 1454 738 Sertorianae:
1495 689 1612 737 adu-

202 761 440 808 latoribus
464 759 687 806 forsitan
677 759 1031 836 iguoiautibus‚
1059 760 1212 823 quod,
1247 774 1302 806 ut
1322 759 1620 807 Demosthe-⁹

202 847 286 877 nes
309 847 394 893 pei
400 843 598 898 petnum
621 829 691 875 Gi
697 827 856 875 acciae
876 827 1022 874 decus
1052 828 1301 888 adfirmat,
1343 838 1611 893 numquam

201 889 485 945 liniilitudii
495 916 517 943 e
537 911 618 943 aut
640 896 930 958 impunitate
952 897 1145 942 alteiius
1166 897 1382 948 miminis
1405 895 1609 944 diluitur

202 968 271 1027 id,
309 965 444 1029 quo'd
462 979 602 1010 contr
607 984 631 1009 a
653 982 706 1009 ac
726 964 868 1009 liceat
893 982 943 1009 ar
949 964 1108 1023 guitur
1129 964 1327 1012 factum.

162 1051 181 1078 1
300 1035 368 1080 ΙΙ.
413 1033 540 1079 Ηιοο
576 1050 658 1095 per
687 1032 972 1078 Armeniam
1004 1033 1285 1079 notabiliter
1315 1034 1438 1096 gesta
1479 1031 1605 1080 suut.

196 1105 358 1165 Sapor
378 1119 493 1149 veto
517 1100 621 1164 post
640 1100 838 1146 suorum
864 1099 1110 1163 pristinam
1132 1100 1322 1148 cladem
1351 1117 1607 1167 comperto
1655 1111 1659 1115 ’

195 1172 400 1218 interitu
420 1171 595 1231 Parae,
625 1187 768 1215 ouem
794 1167 977 1215 sociare
1003 1168 1088 1215 libi
1111 1168 1365 1234 impendio
1401 1172 1607 1218 conaba-

196 1255 301 1301 tur,
363 1257 582 1287 maerore
623 1239 751 1303 gravi
795 1236 1071 1301 perculsus,
1119 1252 1422 1304 augenteque
1457 1240 1608 1288 nostri

195 1310 431 1357 exercitus
456 1309 698 1355 alaerit-ite
722 1306 1064 1367 formidinem,
1096 1325 1280 1354 malma
1298 1307 1388 1354 fibi
1421 1307 1606 1372 praese-

148 1383 405 1439 2111inans‚
436 1380 619 1426 Airace
642 1378 802 1439 legato
824 1375 886 1422 ad
922 1375 1197 1440 Principem
1225 1375 1389 1453 misso,
1433 1395 1606 1442 perpe-

194 1462 325 1495 tuam
356 1465 696 1494 aerumnarum
731 1439 921 1492 caulam
955 1444 1107 1492 deleri
1141 1445 1331 1509 penitus
1369 1445 1604 1494 luadebat

190 1517 503 1564 Anneniam:
554 1515 584 1561 [i
621 1514 671 1560 id
706 1512 1047 1577 displicuiffet‚
1102 1513 1236 1561 aliud
1274 1513 1502 1578 poscens,
1545 1529 1602 1564 ut

190 1573 424 1633 Hiberiae
449 1584 684 1632 divilioue
707 1579 938 1640 celsante,
976 1583 1274 1647 remotisque
1304 1583 1419 1631 inde
1449 1583 1599 1648 psartis

187 1655 435 1701 Romanae
469 1653 743 1718 praefidiis‚
790 1650 1062 1715 Aspacures
1091 1650 1217 1699 solus
1256 1667 1456 1716 regnare
1493 1671 1600 1718 per-

144 1724 486 1783 Zmitteretur,
523 1741 669 1787 quem
691 1720 791 1786 ipse
815 1721 1108 1784 praefecerat
1127 1722 1273 1784 genti.
1357 1722 1441 1769 Ad
1472 1739 1603 1787 quae>

184 1792 366 1838 Valens
386 1793 435 1838 in
454 1793 578 1838 hauc
603 1789 852 1855 respondit
873 1788 1179 1851 sententiam,
1210 1790 1335 1837 nihil
1361 1789 1595 1854 derogare

183 1859 231 1907 se·
255 1860 384 1924 polse
406 1861 592 1923 placitis
619 1878 676 1907 ex
700 1857 935 1907 consensu
965 1859 1193 1919 firmatis,
1237 1858 1320 1906 sed
1350 1877 1403 1906 ea
1432 1859 1592 1908 studio
1643 1871 1657 1885 ’

181 1929 423 1974 curatiore
448 1927 726 1975 defendere.
801 1927 1032 1974 Glorioso
1051 1926 1302 1991 proposito
1321 1929 1591 1976 contrariae

180 1998 307 2060 regis
330 1997 517 2043 litterae
542 1997 701 2042 hieme
720 1996 819 2041 iam
839 2009 1050 2041 extrema
1075 1996 1285 2058 perlatae
1309 1995 1434 2056 sunt,
1467 2013 1590 2043 vana

179 2064 417 2113 causantis
448 2079 494 2112 et
523 2062 726 2110 tumida.
811 2061 1141 2109 Adseverabat
1174 2063 1306 2110 enim
1330 2082 1429 2110 non
1459 2064 1589 2127 posse

176 2135 360 2184 semina
381 2133 609 2181 radicitus
638 2130 875 2195 amputari
902 2129 1281 2191 discordiarum,
1323 2131 1412 2178 nifi
1445 2133 1591 2181 inter-

175 2201 410 2253 venissent
428 2200 610 2249 conscii
631 2201 759 2264 pacis
779 2198 1058 2255 foederatae
1078 2218 1191 2246 cum
1213 2200 1432 2263 Ioviano,
1467 2220 1588 2267 quo-

176 2291 287 2321 rum
314 2271 503 2335 aliquos
531 2270 626 2317 vita
653 2269 891 2315 didicerat
912 2268 1188 2315 abscessiffe.

137 2344 169 2401 4
279 2339 646 2402 Ingravescente
670 2338 774 2402 post
803 2337 923 2384 haec
954 2337 1093 2383 altius
1126 2356 1266 2398 cura,
1307 2337 1583 2401 Imperator

176 2409 354 2473 eligere
385 2407 606 2467 confilia‚
651 2425 796 2471 quam
824 2405 1042 2453 invenire
1072 2404 1338 2468 sufficiens,
1385 2406 1437 2453 id
1467 2424 1581 2454 cou-

173 2476 352 2525 ducere
379 2477 520 2523 rebus
544 2476 840 2535 existimaus,
872 2475 1127 2522 Victorem
1152 2475 1426 2538 magistrum
1446 2477 1581 2539 equi-

170 2559 274 2593 lum
299 2560 345 2595 et
364 2545 623 2592 Urbicium
646 2542 1030 2609 Mesopotamiae
1062 2543 1235 2591 ducem
1267 2544 1337 2590 ire
1367 2561 1577 2608 propere

170 2614 294 2661 iuffit
316 2615 368 2661 in
389 2612 580 2676 Persas,
614 2611 893 2678 responsum
916 2612 1191 2662 absolutum
1217 2626 1265 2660 et
1292 2612 1577 2660 uniusmodi

669 2726 734 2735 ...-

170 2726 210 2736 -v

220 2789 232 2812 Ι
241 2789 275 2823 2)
302 2777 370 2812 ΜΓ.
402 2777 652 2825 scriberetque.
