1727 3144
248 184 679 216 coNs'sAmes
715 184 1138 216 ETIULIANUS.
1212 173 1325 217 561.
1420 175 1514 233 :247

111 306 158 340 et
194 291 372 340 deinde
402 294 484 341 alii
514 296 703 360 plures,
749 293 950 358 negotio
985 292 1052 340 ita
1085 290 1341 357 poscente,
1370 295 1514 358 periti

106 362 267 409 secere
290 363 532 411 ductores.
611 362 873 411 Mandabat
890 376 1052 410 tamen
1075 360 1290 426 egressis,
1323 376 1375 408 ut
1397 376 1514 410 tam·
1531 367 1562 419 fi.

107 449 253 494 quam
285 431 421 480 hoste
451 433 674 498 protinus
705 430 965 498 occursuro
1007 432 1142 479 ocius
1181 429 1514 494 graderentur,

105 499 432 566 stationesque
456 516 716 549 nocturnas
739 515 936 566 agerent
956 515 1003 548 et
1021 500 1234 565 vigilias,
1276 499 1313 565 ⁵)
1337 517 1396 547 ne
1426 499 1514 546 im-

105 567 305 631 proviso
327 569 674 618 invaderentur
698 569 913 618 excursu.
971 574 978 578 “

201 638 294 684 ΙΧ,
333 639 526 694 Quibus
559 641 652 700 ita,
693 653 748 685 ut
776 638 1061 698 videbatur,
1105 652 1219 702 apte
1251 635 1514 701 dispositis,
1542 651 1555 676 t

104 722 268 766 more,
321 724 420 770 quo
471 721 650 754 tractus
695 720 980 771 perruperat
1022 705 1163 770 saepe
1212 705 1512 764 barbaricos,

103 774 343 820 contextis
361 773 652 822 successibus
670 774 845 836 fidens,
877 775 1149 840 porrectius
1170 774 1240 822 ire
1266 774 1512 838 pergebat.

101 843 325 906 Cumque
368 843 430 890 ad
462 844 628 891 locum
672 843 895 904 venustet,
948 842 1080 890 unde
1117 843 1338 907 naviga-ri
1379 841 1561 908 poss'ez

101 910 276 959 didicit
301 913 509 973 flumen,
546 912 721 960 lembis
760 911 1019 972 adstantis,
1068 930 1191 977 quos
1231 926 1511 976 opportune

99 979 200 1027 fors
224 979 427 1028 dederat
459 982 726 1046 plurimos,
770 1000 858 1046 per
892 983 1084 1028 alveum
1116 984 1375 1046 (quantum
1402 981 1510 1030 fieri

98 1049 280 1115 potuit)
315 1050 563 1098 ferebatur
594 1051 810 1098 occulte:
849 1050 964 1098 ideo
997 1051 1177 1112 latens,
1220 1049 1357 1115 quod
1389 1050 1509 1096 tole-

98 1131 259 1166 ranter
287 1132 334 1166 et
369 1119 562 1167 fortiter
588 1119 768 1168 nullius
810 1119 912 1167 cibi
948 1119 1172 1184 indigens
1216 1117 1506 1177 mundioris,

96 1184 180 1235 sed
208 1188 374 1251 paucis
404 1202 662 1236 contentus
696 1203 744 1237 et
770 1189 977 1246 vilibus,
1023 1188 1205 1253 oppida
1234 1185 1503 1234 forinsecus

96 1258 131 1321 ¹)
155 1256 390 1303 transibat
410 1270 457 1304 et
478 1257 628 1304 castra
652 1276 661 1304 z
697 1258 915 1305 imitatus
941 1257 982 1322 ²)
1003 1257 1249 1320 egregium
1269 1253 1394 1301 illud
1418 1255 1508 1319 Cy-

98 1324 139 1369 ri
167 1325 342 1371 veteris
377 1324 588 1389 dictum,
628 1328 737 1390 qui,
781 1344 895 1373 cum
931 1325 1115 1371 delatus
1153 1323 1215 1370 ad
1241 1322 1502 1387 hospitem,

95 1393 477 1456 interrogaretur
497 1394 558 1440 ab
584 1411 667 1455 eo,
704 1393 826 1458 quid
845 1392 905 1439 ad
927 1393 1207 1440 convivium
1239 1392 1397 1456 parari
1424 1390 1504 1438 de-

93 1460 261 1523 beret,
304 1480 481 1526 panem
538 1461 854 1526 responderat
897 1460 1083 1508 solum:
1124 1461 1314 1525 sperare
1375 1460 1507 1507 euim

94 1530 287 1588 aiebat„
323 1548 477 1595 prope
508 1531 546 1595 ³)
568 1532 726 1577 rivum
757 1530 803 1577 se
825 1545 1127 1577 cenaturum.
1200 1529 1347 1576 Fama
1371 1528 1551 1590 v'er075

94 1617 216 1663 quae
238 1598 371 1647 mille
391 1601 465 1665 (ut
485 1598 638 1663 aiunt)
658 1599 837 1662 linguis
861 1615 1022 1644 rerum
1044 1596 1215 1644 misere
1251 1611 1506 1660 exaggerat

92 1667 269 1728 fidem,
327 1685 416 1732 per
456 1666 652 1732 Illyrios
701 1684 868 1713 omnes
912 1665 1155 1713 celebrior
1191 1663 1504 1725 fundebatur,

93 1737 338 1784 Iulianum
365 1736 505 1783 strata
537 1752 623 1800 per
656 1735 852 1782 ‘Gallias
890 1733 1206 1781 multitudine
1246 1752 1415 1797 regum
1454 1748 1503 1781 et

90 1806 325 1869 gentium,
356 1803 616 1853 numeroso
642 1804 855 1852 exercitu
874 1818 921 1851 et
939 1802 1232 1850 succcslibus
1253 1802 1499 1849 tumidum

88 1874 232 1922 variis
257 1873 531 1922 adventare.
604 1873 719 1931 Quo
742 1891 937 1920 rumore
958 1871 1201 1937 perculsus
1224 1872 1496 1936 praefectus
1516 1880 1546 1929 <i
1608 1932 1611 1934 q

85 1943 333 2008 praetorio
354 1942 545 1990 Taurus
560 1980 572 2004 ‚
604 1957 659 1989 ut
681 1942 868 1990 hostem
892 1942 1046 1990 vitans
1071 1955 1290 1989 exterum
1307 1955 1496 1988 mature

86 2010 328 2060 discess'it:
373 2025 640 2077 vectusque
671 2011 941 2058 mutatione
967 2011 1114 2058 celeri
1143 2007 1308 2057 cursus
1325 2009 1496 2073 ¹publi-

85 2081 131 2128 ci
148 2117 162 2137 ,
195 2080 409 2128 transitis
429 2081 640 2145 Alpibus
666 2081 803 2128 Iuliis
818 2116 834 2138 ,
867 2079 1042 2128 eodem
1063 2080 1164 2127 ictu
1186 2078 1491 2126 Florentium

86 2149 257 2197 itidem
277 2150 576 2214 praefectum
605 2147 768 2197 secum
792 2148 1010 2197 abduxit.
1079 2148 1297 2196 Levibus
1329 2162 1489 2194 tamen
1514 2154 1542 2197 5

85 2217 279 2265 indiciis
298 2217 441 2282 super
462 2218 637 2264 Iuliani
660 2233 800 2266 motu
823 2218 1122 2265 Lucillianus
1156 2217 1366 2282 percitus
1398 2216 1492 2262 Co-

84 2305 215 2349 mes,
253 2287 337 2351 qui
358 2304 444 2351 per
467 2286 574 2333 illas
603 2287 824 2351 regiones
855 2305 958 2335 rem
988 2288 1189 2334 curabat
1221 2303 1275 2332 ea
1308 2298 1490 2346 tempe-

82 2356 198 2403 state
229 2353 539 2416 castrensem,
571 2373 812 2420 agensque
849 2355 980 2420 apud
1014 2355 1275 2412 Sirmium,
1310 2352 1488 2398 milites

83 2442 407 2489 congregans,
448 2442 571 2489 quos
600 2441 659 2470 ex
688 2425 975 2472 stationibus
1006 2423 1215 2488 propriis
1247 2420 1391 2467 acciri
1413 2438 1490 2466 eea

83 2494 285 2542 leritatis
319 2493 441 2540 ratio
470 2493 807 2557 permittebat,
865 2507 1072 2542 venturo
1114 2489 1323 2538 resistere
1356 2488 1487 2551 cogi-

85 2562 230 2609 tabat.
299 2561 401 2610 Sed
426 2562 507 2609 ille
529 2576 584 2608 ut
607 2562 684 2608 fax
711 2563 787 2610 vel
821 2561 1041 2610 incensus
1070 2559 1320 2607 malleolus
1352 2557 1486 2605 volu-
1507 2569 1537 2612 6

134 2748 172 2791 5)
198 2745 263 2782 ΜΓ.
291 2761 398 2781 nemo
427 2747 567 2796 proviso
597 2747 658 2782 suo
686 2773 694 2782 .
728 2774 733 2780 .
843 2745 1147 2780 minu-iderentur.
1206 2745 1242 2788 1)
1270 2743 1336 2778 ΜΓ.
1366 2744 1490 2779 mmsis

90 2792 148 2825 bat
176 2802 209 2825 et
234 2795 484 2830 catremitatus.
534 2797 575 2843 2)
601 2794 724 2840 Sceph.
765 2794 956 2828 Graecum.
1013 2800 1050 2838 5)
1076 2792 1179 2838 resi:
1204 2792 1248 2827 al.
1279 2790 1387 2827 deest.
