1727 3144
491 198 876 238 IULIANUS.
948 187 1064 234 565.
1388 190 1485 240 555

80 314 252 365 Persae
284 311 563 379 praedocti,
607 312 807 361 sublatis
835 311 1083 361 cataractis
1112 309 1265 358 undas
1298 314 1485 376 evagari

77 384 226 439 fufius
244 383 576 448 permiserunt.
648 384 822 448 Itaque
846 381 1000 429 humo
1014 381 1107 428 late
1127 380 1385 440 stagnante,
1424 385 1484 429 al·
1510 397 1556 423 11

75 453 182 502 tero
210 453 290 501 die
311 453 456 500 militi
477 451 644 519 requie
667 452 794 512 data,
829 451 1102 517 Imperator
1121 449 1221 515 ipse
1245 450 1483 513 praegres-

73 523 176 584 sus,
223 522 472 570 constratis
506 525 545 588 ⁷)
578 520 843 587 ponticulis
871 521 1035 568 multis
1065 537 1126 567 ex
1162 519 1376 577 utribus,
1435 533 1482 565 et

75 593 114 657 ⁸)
133 592 365 640 coriaceis
391 592 621 652 navibus,
659 592 696 656 ⁹)
726 589 996 656 itidemque
1030 586 1266 636 consectis
1304 587 1485 652 palma-

71 678 181 708 rum
217 661 462 721 trabibus,
505 659 769 709 exercitum
798 676 900 707 non
936 657 1035 706 fine
1070 657 1354 705 difficultate
1391 669 1481 702 tra-

0 744 1 767 ἓ
72 729 224 777 duxit.

166 799 225 846 In
252 797 330 845 his
359 795 641 860 regionibus
671 795 773 861 agri
797 794 908 844 sunt
938 795 1102 861 plures
1126 792 1299 842 conliti
1327 792 1480 841 vineis
1507 810 1557 839 12

67 866 301 930 varioque
325 882 589 930 ‘pomorum
610 882 784 930 genere
803 884 813 913 :
846 865 934 912 ubi
955 864 1074 913 oriri
1090 865 1290 911 arbores
1313 863 1480 909 adsuc-

66 949 144 983 tae
170 936 468 1000 palmarum,
500 952 587 999 per
606 933 758 999 spatia
791 935 951 998 ampla
981 934 1200 998 adusque
1228 931 1477 981 Mesenem

67 1019 115 1051 et
132 1021 264 1052 mare
285 1004 532 1068 pertinent
553 1021 780 1068 magnum
794 1040 807 1064 ,
840 1003 988 1057 instar
1010 1002 1283 1066 ingentium
1312 1018 1479 1048 nemo-

66 1091 191 1120 rum.
270 1072 332 1120 Et
365 1091 560 1138 quaqua
588 1072 830 1121 incefferit
860 1072 1143 1136 quisquam,
1183 1070 1398 1116 termites
1431 1083 1478 1116 et

66 1141 260 1206 spadica
271 1142 427 1189 cernit
439 1140 655 1199 adfidua,
686 1158 896 1206 quorum
911 1158 968 1187 ex
980 1141 1142 1186 fructu
1154 1139 1310 1185 mellis
1322 1137 1476 1185 etvini

66 1211 328 1269 conficitur
337 1209 633 1257 abundantia
651 1228 660 1256 :
682 1223 728 1257 et
741 1209 955 1257 maritari
969 1209 1154 1273 palmae
1165 1210 1177 1253 i
1185 1208 1294 1271 piae
1306 1208 1476 1252 dicun-

64 1295 160 1340 tur,
187 1279 247 1344 ¹⁰)
266 1279 502 1344 facileque
515 1277 651 1325 sexus
669 1277 800 1343 poss'e
826 1277 1050 1325 discerni.
1086 1276 1296 1325 Additur
1312 1278 1474 1329 etiam,
1501 1279 1552 1322 15

66 1365 294 1412 generare
314 1348 518 1394 feminas
530 1347 793 1395 seminibus
814 1347 956 1393 illitas
980 1347 1200 1405 marium,
1216 1348 1476 1408 feruntque

67 1435 145 1464 eas
179 1434 343 1463 amore
373 1430 543 1463 mutuo
588 1414 844 1463 delectari:
900 1416 1094 1480 hocque
1130 1414 1243 1460 inde
1275 1416 1473 1473 clarete,

66 1484 204 1550 quod
224 1499 392 1532 contra
412 1484 459 1531 se
483 1487 536 1549 ¹¹)
559 1484 758 1531 vicissini
781 1498 1001 1530 nutantes
1016 1520 1028 1543 >
1060 1502 1118 1531 ue
1140 1497 1207 1529 tus
1222 1483 1344 1546 gidis
1372 1482 1476 1546 qui-

68 1554 182 1602 dem
204 1553 399 1600 flatibus
419 1566 714 1601 avertuntur.
796 1552 855 1599 Et
886 1551 919 1598 fi
942 1571 997 1598 ex
1023 1570 1157 1598 more
1181 1552 1358 1598 femina
1380 1570 1476 1596 ina-

65 1623 130 1670 ris
153 1639 251 1669 non
276 1621 397 1667 illita
419 1621 566 1670 fuerit
585 1618 765 1667 semine
782 1657 795 1681 ‚
837 1621 1035 1666 abortus
1058 1620 1176 1666 vitio
1195 1621 1319 1666 fetus
1342 1620 1478 1665 emit-

64 1693 126 1739 tit
156 1691 214 1756 ¹²)
243 1690 621 1754 intempestivos·
700 1688 764 1736 Et
795 1687 832 1735 fi
870 1706 966 1752 qua
998 1689 1206 1748 femina,
1250 1688 1387 1734 cuius
1409 1706 1479 1733 ar-

63 1761 201 1808 boris
224 1776 388 1806 amore
410 1758 625 1822 perculsa
647 1756 720 1820 fit,
751 1758 1020 1821 ignoretur,
1054 1770 1303 1821 unguento
1331 1755 1476 1820 iplius

64 1830 282 1878 inficitur
312 1841 533 1888 truncus,
600 1841 647 1875 et
682 1828 828 1874 arbor
862 1826 954 1873 alia
992 1827 1275 1873 naturaliter
1308 1825 1475 1872 odoris

64 1896 377 1946 dulcedinem
398 1895 641 1960 concipit:
678 1895 853 1961 hisque
873 1894 1068 1943 indiciis
1097 1896 1230 1943 velut
1260 1894 1476 1943 coeundi

67 1966 305 2034 quaedam
324 1964 553 2029 proditur
578 1963 716 2011 fides.

168 2036 280 2092 Qua
309 2034 409 2081 cibi
439 2033 583 2098 copia
612 2032 741 2080 satur
774 2031 1035 2092 exercitus,
1079 2033 1241 2096 plures
1265 2045 1474 2097 praetcr—
1501 2035 1551 2089 εί,

64 2103 242 2169 greffus
280 2103 347 2151 est
376 2101 579 2150 insulas:
612 2116 660 2150 et
677 2102 764 2149 ubi
787 2101 1144 2150 formidabatur
1174 2101 1365 2164 inopia,
1404 2099 1473 2145 ibi

65 2173 215 2220 timor
244 2170 432 2236 saginae
467 2171 621 2235 gravis
651 2170 854 2218 incessit.
937 2170 1307 2234 Sagittariorum
1342 2168 1474 2214 deni·

64 2260 160 2308 que
185 2239 433 2287 hostilium
451 2239 640 2303 impetu
663 2240 716 2303 ¹³)
737 2239 907 2288 latenti
925 2253 1161 2298 tentatus,
1210 2254 1365 2300 noque
1402 2237 1474 2281 in-

64 2313 220 2370 ultUS‚
250 2325 405 2372 prope
424 2308 589 2355 locum
611 2309 766 2366 venit,
795 2309 883 2355 ubi
910 2327 1014 2373 pars
1040 2308 1191 2354 maior
1213 2306 1472 2368 Euphratis

64 2381 117 2428 in
142 2379 270 2426 rivos
294 2378 350 2441 ¹⁴)
375 2375 611 2423 dividitur
629 2377 911 2424 multifidos.

168 2448 256 2494 IV.
295 2446 351 2493 In
371 2445 468 2492 hoc
492 2459 650 2492 tractu
671 2446 838 2493 civitas
855 2485 867 2509 ‚
906 2447 970 2493 ob
992 2460 1154 2491 muros
1180 2441 1386 2489 humiles
1412 2441 1470 2487 ab
1498 2455 1517 2482 1

63 2516 237 2565 incolis
259 2513 453 2563 Iudaeis
473 2512 674 2576 deserta,
703 2514 940 2564 iratorum
964 2531 1108 2561 manu
1131 2511 1340 2558 militum
1361 2528 1476 2557 con-

63 2652 131 2659 ...—

116 2726 151 2769 7)
181 2722 249 2757 Ms.
286 2723 469 2771 periculis.
529 2726 567 2768 8)
599 2721 663 2759 Ms.
704 2721 827 2772 procia
859 2720 1021 2756 navibus.
1078 2718 1122 2765 9)
1158 2716 1222 2754 ΜΓ.
1260 2715 1473 2767 itidemque.

68 2776 123 2812 ιο)
156 2768 223 2802 ΜΓ.
256 2769 460 2818 facilesque.
516 2775 569 2815 ιι)
595 2770 718 2815 Steph.
750 2768 946 2803 enixissime
982 2767 1165 2799 micantes.
1229 2768 1292 2813 12)
1319 2766 1389 2802 ΜΓ,
1425 2767 1478 2801 in.

65 2814 336 2864 tempestuosus.
390 2823 444 2864 ιζ)
470 2816 540 2852 ΜΓ.
567 2815 706 2850 latenti.
760 2821 816 2860 14)
842 2815 912 2849 ΜΓ.
943 2811 1126 2848 dividitur.

906 2865 943 2909 Z
