1727 3144
269 164 369 216 506
512 176 787 208 ΛΜΜῙΑΝῙ
825 174 1228 207 MARcELLml
1261 176 1391 218 xxu,
1431 162 1506 207 16.

272 307 324 337 re
353 305 469 337 vero
501 287 656 352 Libya
689 285 1041 347 Paraetonion,
1084 298 1131 332 et
1149 283 1438 348 Chaerecla,
1464 299 1513 333 et
1535 284 1674 334 Nea-

271 359 426 425 polis,
454 358 580 404 inter
599 356 865 420 municipia
893 372 1046 420 pauca
1066 368 1113 402 et
1132 354 1313 402 brevia.

227 433 257 475 6
373 427 623 491 Aegyptus
650 425 774 489 ipsa,
807 442 928 489 quae
952 424 1049 470 iam
1067 421 1182 470 inde
1200 460 1213 484 ,
1245 424 1318 470 uti
1340 423 1562 471 Romano
1587 424 1677 470 im-

272 496 409 561 perio
442 497 477 560 ⁵)
500 495 663 541 iuncta
696 495 784 556 est,
836 493 1019 556 regitur
1061 512 1088 540 a
1123 492 1406 556 praefectis,
1462 492 1675 558 exceptis

271 564 545 611 minoribus
580 563 768 624 multis,
819 561 1042 622 Athribi,
1093 575 1141 609 et
1176 559 1216 626 ⁶)
1250 560 1573 627 Oxyryncho,
1626 574 1677 608 et

273 633 484 693 Thmui,
520 646 567 679 et
588 631 813 696 Memphi
833 630 1059 678 maximis
1087 630 1293 677 urbibus
1316 630 1452 677 nitet.

226 723 257 768 7
386 699 681 749 Alexandria
703 701 833 748 enim
861 714 1025 748 vertex
1056 699 1275 762 omnium
1307 699 1374 747 est
1397 699 1674 747 civitatum:

272 790 420 837 quam
441 770 593 817 multa
614 769 902 829 nobilitant,
936 782 984 815 et
1015 768 1375 832 magnificentia
1405 765 1677 815 conditoris

271 839 495 899 altissimi,
524 853 571 885 et
592 838 844 886 architecti
868 837 1078 885 sollertia
1096 836 1376 884 Dinocratis
1395 854 1404 883 :
1440 835 1524 900 qui
1540 839 1677 899 [cum

273 910 433 973 ampla
464 907 657 954 moenia
687 905 915 953 fundaret
948 920 995 952 et
1026 906 1218 970 pulcra,
1265 905 1497 969 paenuria
1529 904 1677 951 calcis

272 976 335 1024 ad
365 989 669 1023 momentum
704 977 743 1038 ⁷)
768 993 940 1038 parum
974 977 1211 1036 repertae]
1257 991 1423 1020 omnes
1464 973 1675 1019 ambitus

266 1046 464 1092 lineales
487 1043 641 1090 farina
662 1041 906 1106 resperlit:
944 1042 1079 1106 quod
1100 1041 1345 1087 civitatem
1367 1040 1406 1105 ⁸)
1427 1041 1533 1104 post
1553 1041 1675 1089 haec

271 1114 614 1159 alimentorum
633 1111 773 1156 uberi
798 1110 940 1173 copia
959 1109 1296 1156 circumfluere
1313 1109 1517 1157 fortuito
1539 1128 1677 1159 mone

227 1181 445 1229 &straviL
522 1181 576 1244 ¹⁹)
618 1178 750 1226 Inibi
780 1196 920 1225 aurae
966 1178 1221 1224 salubriter
1273 1177 1535 1242 spirantes,
1590 1186 1676 1227 aer

271 1249 562 1313 tranquillus
584 1262 631 1294 et
650 1249 885 1308 clemens:
922 1261 1092 1311 atque,
1123 1260 1176 1293 nt
1200 1248 1473 1311 periculum
1505 1248 1676 1296 docuit

268 1336 360 1382 per
383 1317 536 1365 varias
557 1317 818 1364 collectum
841 1330 1043 1376 aetates,
1081 1317 1216 1363 nullo
1241 1334 1393 1380 paene
1425 1316 1504 1364 die
1540 1319 1676 1364 inco-

268 1387 422 1434 lentes
449 1385 576 1432 hanc
613 1385 859 1433 civitatem
898 1384 1049 1432 solem
1086 1384 1311 1432 serenum
1351 1402 1451 1432 uon
1490 1384 1673 1433 videm..

232 1470 258 1511 9
273 1455 385 1502 Hoc
407 1455 539 1501 littus
562 1473 675 1501 cum
695 1455 947 1501 fallacibus
973 1469 1019 1501 et
1037 1453 1273 1502 infidiofis
1303 1453 1563 1501 acceffibus
1593 1454 1676 1501 ad-

270 1525 459 1588 fligeret
487 1523 691 1571 antehac
723 1524 1002 1587 navigantes
1032 1522 1397 1580 discriminibus
1434 1523 1674 1587 plurimis,

272 1592 562 1656 excogitavit
607 1592 656 1637 iu
707 1607 854 1656 portu
902 1593 1160 1656 Cleopatra
1198 1593 1373 1638 turrim
1416 1591 1671 1652 excelsam,

270 1679 394 1725 quae
424 1660 609 1707 Pharos
629 1680 656 1707 a
677 1661 789 1707 loco
812 1659 918 1724 ipso
948 1660 1347 1725 cognominatur,
1391 1662 1673 1725 praelucen-

270 1729 323 1774 di
373 1729 576 1776 navibus
631 1744 869 1778 nocturna
919 1728 1176 1793 suggerens
1219 1729 1506 1776 ministeria:
1557 1748 1667 1777 cum

269 1797 519 1861 qtmndam
543 1815 599 1844 ex
627 1798 684 1861 ιο)
705 1797 968 1845 Parthenio
999 1799 1171 1862 pelago
1205 1799 1451 1846 venientes
1479 1812 1562 1845 aut
1589 1798 1671 1845 Li-

268 1865 425 1929 byco,
460 1883 545 1928 per
569 1865 748 1928 pandas
773 1885 879 1913 oras
905 1870 1019 1931 etu)
1044 1868 1259 1931 patulas,
1292 1867 1535 1914 montium
1569 1867 1673 1913 nul-

267 1933 337 1979 las
355 1932 571 1996 speculas
596 1935 671 1980 vel
693 1935 895 1981 collium
913 1935 1043 1997 ligna
1067 1949 1342 1995 cernentes,
1378 1936 1671 1982 harenarum

203 2001 436 2048 ioinlil'ae
459 2000 724 2064 glutinosae
749 2003 981 2048 mollitiae
1002 2004 1350 2065 frangerentur.
1434 2003 1566 2050 Haec
1595 2021 1669 2050 ea-

270 2070 382 2117 dem
416 2069 579 2133 regina
609 2069 988 2133 heptastadium,
1029 2069 1149 2116 ficut
1178 2070 1257 2117 vix
1279 2070 1524 2118 credenda
1545 2072 1668 2119 cele-

269 2139 434 2198 ritate,
478 2139 545 2184 ita
574 2137 907 2200 magnitudine
950 2139 1071 2184 mira
1093 2139 1354 2186 construxit
1385 2141 1449 2186 ob
1477 2139 1669 2188 causam

269 2222 437 2254 notam
457 2220 504 2253 et
528 2206 847 2253 necess'ariam.
931 2206 1092 2253 Insula
1122 2206 1332 2267 Pharos,
1372 2208 1460 2254 ubi
1491 2210 1670 2256 Protea

268 2294 381 2323 cum
406 2275 678 2340 phocarum
704 2275 928 2339 gregibus
952 2274 1241 2322 diversatum
1265 2276 1511 2324 Homerus
1533 2278 1670 2324 fabu-

267 2345 396 2391 latur
424 2343 666 2403 inflatius,
707 2362 732 2389 a
761 2344 967 2390 civitatis
997 2345 1161 2391 littore
1192 2345 1324 2392 mille
1349 2344 1555 2408 paffibus
1572 2344 1668 2393 dis-

206 2428 455 2476 nparata,
489 2411 921 2459 Rliodiorum'erat
954 2413 1163 2459 obnoxia
1197 2413 1433 2477 vectigali.
1513 2413 1667 2469 Quod

266 2501 380 2529 cum
412 2482 463 2528 in
494 2479 572 2528 die
607 2480 822 2546 quodam
855 2481 1060 2528 nimium
1100 2496 1335 2547 quantum
1364 2481 1564 2546 petituri
1589 2500 1668 2531 ve-

309 2689 350 2731 5)
385 2686 454 2721 ΜΓ.
490 2688 611 2721 iuncta
641 2685 691 2722 est
725 2688 843 2733 regio,
888 2686 1030 2733 regitur.
1091 2687 1133 2727 63
1160 2686 1229 2721 ΜΓ.
1268 2687 1658 2721 Ozurinmoettimium,

262 2733 302 2777 7]
334 2733 399 2766 ΜΓ.
437 2746 565 2780 parum
599 2743 778 2780 repentae.
843 2733 884 2773 ,Ὦ
917 2733 979 2767 ΜΓ.
1012 2731 1090 2779 post
1116 2733 1204 2767 haec
1236 2732 1393 2768 aliment.
1446 2739 1482 2780 9)
1510 2735 1561 2768 al.
1594 2733 1658 2768 ibi.
1722 2758 1727 2776 32

266 2784 319 2821 ιο]
346 2778 409 2811 ΜΓ.
440 2779 642 2827 pannonio,
700 2782 755 2824 11)
783 2779 845 2814 Ms.
871 2778 1033 2813 latumias
1059 2779 1248 2814 montium.
