1727 3144
263 149 706 196 'eou‘s‘rAN‘rms
739 144 1156 194 ET'IULIANUs.
1231 150 1348 197 558.
1449 168 1538 213 1:37

127 272 482 334 concidebant,
528 267 924 337 reclangentibus
951 273 1140 320 cunctis
1179 269 1342 321 souitu
1383 277 1542 324 ruina-

126 362 237 392 rum
267 342 523 390 immenso.
614 342 820 407 Interim
853 342 1153 390 clamoribus
1182 343 1327 390 variis
1353 345 1542 393 excelsa

125 412 341 461 culmina
373 410 694 472 resultabant,
747 410 1126 478 quaeritantium
1161 411 1448 477 coniugium
1487 415 1544 461 li-

123 482 398 547 berosque,
445 495 493 529 et
520 480 556 528 fi
585 480 706 547 quid
738 480 1098 530 neccffitudinis
1116 494 1218 529 arte
1239 481 1540 547 constringit.

123 551 239 600 Post
259 551 435 599 horam
459 551 673 616 denique
694 549 956 598 secundam
971 587 983 611 ,
1013 551 1170 598 multo
1197 565 1307 599 ante
1330 552 1582 614 tertiam‚5

126 627 212 669 aer
242 621 353 667 iam·
377 619 526 667 sudus
559 634 606 668 et
637 618 856 684 liquidus
885 619 1089 668 latentes
1123 621 1296 677 retexit
1316 622 1541 669 funereas

122 690 316 753 strages.
387 688 630 736 Nonnulli
651 688 782 736 enim
803 685 1198 752 superruentium
1226 690 1460 738 ruderum
1491 691 1542 738 vi

124 759 275 805 nimia
309 757 595 822 constipati,
651 755 742 805 sub
781 756 905 823 ·ip1is
945 758 1174 807 interiere
1214 759 1555 823 ponderibus.·

124 826 344 884 Quidam
371 827 502 875 collo
537 840 675 874 tenus
709 826 966 891 aggeribus
1002 828 1194 890 obruti,
1237 847 1351 876 cum
1376 829 1542 895 super-

121 896 215 944 effe
240 896 452 962 pollent,
486 893 523 942 fi
543 895 629 962 qui
646 894 898 958 iuviss'ent,
934 896 1230 946 auxiliorum
1260 896 1429 963 inopia
1461 916 1544 946 ne-

120 967 373 1013 cabantur.
465 965 571 1018 Alii*
608 965 858 1027 lignorum
901 966 1188 1015 exstantium
1230 968 1541 1015 acuminibus

118 1034 206 1082 fixi
233 1033 533 1100 pendebant.
612 1033 730 1082 Uno
764 1034 868 1082 ictu
899 1034 1023 1083 caefi
1058 1036 1340 1102 complures
1374 1038 1582 1101 paullo&

121 1103 232 1153 aute
263 1104 533 1166 homines,·
555 1116 674 1152 tunc
709 1103 1016 1168 promiscuae
1041 1105 1219 1171 strages
1246 1105 1540 1154 cadaverum

120 1173 463 1223 cernebantur.
547 1173 804 1238 Quosdam
839 1173 1105 1223 domorum
1144 1175 1375 1223 inclinata
1414 1175 1540 1222 fasti-

122 1242 199 1306 gia
218 1241 521 1305 >intrinsecus
550 1243 774 1290 ferebant
799 1243 1035 1305 intactos,
1084 1261 1264 1307 angore
1298 1258 1343 1290 et
1374 1243 1539 1291 inedia

121 1310 500 1358 consumendos.
572 1311 708 1358 Inter
727 1328 852 1374 quos
881 1311 1213 1359 Aristaenetus
1246 1310 1537 1360 adfectatam

122 1397 292 1428 recens
336 1377 600 1426 dioecefim
637 1395 811 1426 curans
852 1379 1030 1427 vicaria
1073 1381 1333 1444 potestate,
1388 1400 1534 1447 quam

122 1448 432 1497 Constantius
465 1446 529 1494 ad
562 1446 806 1494 honorem
840 1448 1005 1495 uxoris
1035 1449 1538 1518 EusebiaelPietatem

119 1518 581 1582 cognominaverat,
620 1515 831 1563 animam
860 1516 958 1564 hoc
987 1517 1100 1565 casu
1129 1519 1397 1567 cruciatam
1429 1520 1537 1568 diu-

117 1587 214 1635 tius
235 1584 492 1634 exhalavit.
563 1584 668 1632 Alii
692 1582 851 1630 subita
882 1585 1052 1633 ruinae
1079 1587 1418 1651 magnitudine
1453 1607 1538 1653 op-
1562 1604 1592 1649 7

116 1656 286 1722 preffi,
321 1654 498 1702 iisdem
519 1652 682 1701 adhuc
713 1652 928 1700 molibus
953 1668 1299 1719 conteguntur.
1388 1658 1539 1705 Coni-

117 1725 178 1773 fis
209 1724 412 1791 quidam
453 1721 728 1787 capitibus,
778 1721 860 1791 yel
897 1721 1116 1772 humeris
1158 1725 1420 1789 praesectis
1453 1742 1538 1775 aut

116 1794 369 1856 cruribus,
409 1791 539 1840 inter
565 1791 692 1839 vitae
723 1790 997 1857 mortisque
1032 1794 1272 1857 confinia,
1326 1795 1537 1844 aliorum

117 1862 401 1912 adiumenta
442 1861 579 1927 paria
624 1859 976 1925 perferentium
1019 1862 1364 1929 implorantes,
1420 1885 1535 1918 cum

117 1931 445 1985 obtestatione
461 1947 637 1995 magna
655 1926 1017 1979 deserebantur.
1088 1932 1153 1982 Et
1182 1932 1420 2001 superesse
1447 1949 1573 2003 po-8

116 2000 426 2066 tuitssaedium
445 1998 690 2048 sacrarum
724 2011 772 2046 et
803 1999 1127 2066 privatarum,
1173 2004 1535 2072 hominumque

116 2089 226 2136 pars
257 2070 441 2132 maior,
481 2068 535 2117 ni
567 2069 785 2134 palantes
823 2071 1032 2137 abrupte
1063 2076 1371 2122 flammarum
1394 2076 1537 2124 ardo-

119 2157 194 2187 res
226 2157 313 2204 per
334 2138 690 2205 quinquaginta
711 2137 815 2187 dies
834 2155 882 2189 et
910 2156 1107 2206 noctes,
1144 2144 1393 2210 quidquid
1418 2162 1535 2194 con·-

118 2208 243 2256 l'umi
262 2221 478 2273 poterat,
521 2207 804 2256 exuffiss'ent.
1488 2236 1493 2242 ·

219 2275 400 2325 Adefl'e
436 2290 627 2341 tempus
657 2276 876 2327 existimo
904 2298 1055 2344 pauca
1083 2280 1271 2344 dicere,
1318 2299 1442 2347 quae
1472 2281 1575 2338 de9

117 2360 272 2395 terrae
295 2346 515 2412 pulfibus
535 2345 816 2395 coniectura
839 2363 1026 2398 veteres
1051 2352 1371 2415 collegerunt.
1449 2352 1539 2400 Ad·

116 2415 265 2481 ipfius
292 2416 425 2464 enim
463 2414 677 2464 veritatis
706 2435 879 2465 arcana
907 2436 1008 2466 non
1039 2419 1192 2468 modo
1230 2419 1352 2467 haec
1373 2419 1534 2470 nostra
1564 2465 1573 2469 -

57 2507 59 2509 ·
118 2485 328 2549 vulgaris
356 2484 545 2532 inscitia
557 2520 587 2542 ,.
623 2483 708 2532 sed
739 2503 800 2533 ne
829 2485 1120 2553 sempiterna
1154 2488 1357 2552 quidem
1392 2481 1535 2538 >lucu·-

119 2553 430 2602 brationibus
479 2553 639 2618 longis
687 2554 911 2603 nondum
952 2558 1174 2605 exhausta
1215 2556 1530 2622 phylicorum

119 2622 275 2686 iurgia
299 2637 630 2687 penetrarunt.
700 2622 846 2672 ‘Unde
868 2625 986 2673 etin
1012 2627 1268 2674 ritualibus
1298 2639 1346 2675 et
1368 2629 1529 2692 ponti·
1545 2649 1601 2679 ro

119 2691 244 2737 ficiis
270 2690 552 2739 observatur
577 2692 1030 2757 obtemperantibus
1063 2694 1342 2744 [acerdotiis
1371 2708 1528 2760 caute,

121 2776 181 2806 ne
215 2761 312 2807 alio
334 2762 443 2809 Deo
465 2779 555 2826 pro
590 2761 686 2808 alio
717 2763 998 2826 nominato⁷
1039 2781 1178 2828 cum,
1218 2766 1328 2831 quis
1356 2783 1529 2815 eorum
