1727 3144
509 163 526 192 1
556 163 889 195 ov1A,NUs·.
966 150 1079 194 565.
1411 152 1506 212 597

96 271 208 319 sunt
232 271 455 318 lamentis
477 287 523 319 et
544 272 681 320 luctu
700 290 710 319 ι
747 287 794 320 et
817 289 906 337 pei·
926 273 1090 320 omnia
1122 273 1332 320 civitatis
1360 293 1511 323 mem-

98 340 185 391 bra
205 357 418 388 unavox
438 355 729 389 cunctorum
751 356 852 389 erat
872 342 1170 406 gementium
1184 381 1196 404 ,
1244 359 1357 389 cum
1388 345 1511 392 lace-

99 417 224 456 rai-et
251 411 410 457 crines
439 425 656 458 matrona
690 411 825 460 exsul
851 411 1065 476 fuganda
1086 411 1297 468 laribus,
1333 411 1384 457 in
1406 413 1511 476 qui-

95 478 189 525 bus
222 494 332 526 nata
364 494 466 527 erat
492 493 539 527 et
568 479 832 529 educata:³‘
862 482 1128 547 orbataque
1157 494 1312 527 mater
1341 480 1508 528 liberis

96 548 131 610 ⁵)
157 547 231 595 vel
260 549 469 613 coniuge
503 548 725 610 viduata,
781 551 958 614 procul
990 551 1050 597 ab
1080 568 1251 598 eorum
1283 549 1508 595 manibus

94 616 382 680 pelleretur:
420 632 467 665 et
485 618 626 664 turba
649 620 825 667 flebilis
848 620 1006 683 postes
1030 618 1276 684 penatium
1292 618 1510 682 amplexa

96 686 174 732 vel
213 686 381 733 limina
423 687 724 733 lacrimabat.
839 687 963 733 Exin
1001 689 1161 736 variae
1198 687 1551 751 complenturss

95 754 218 811 viae,
250 773 344 819 qua
367 754 574 818 quisque
598 769 790 818 poterat
812 754 1150 803 dilabentium.
1188 755 1509 820 Properando

91 822 223 869 enim
259 822 411 869 multi
438 822 727 870 furabantur
765 841 890 887 opes
923 825 1174 889 proprias,
1234 842 1353 890 quas
1395 823 1509 870 vehi

86 889 222 955 poss'e
243 889 536 952 cr,edebant
574 905 856 970 contempta
877 893 1065 956 reliqua
1087 893 1379 958 supellectili
1404 911 1510 957 pie-

89 958 211 1006 tiosa
239 973 287 1007 et
316 960 494 1007 multa:
533 959 659 1009 hanc
688 961 837 1010 enim
853 962 1158 1026 reliqueiunt
1191 964 1394 1027 penuria
1436 964 1508 1009 iu-

92 1042 388 1076 mentorum.

187 1097 268 1145 Tu
301 1098 399 1146 hoc
438 1098 581 1159 loco,
619 1098 835 1145 Fortuna
869 1098 1002 1144 orbis
1042 1097 1278 1155 Romani,
1327 1099 1550 1153 merito7

87 1165 346 1228 incusatis,
397 1185 521 1232 quae
555 1165 855 1214 difflantibus
879 1167 1107 1230 procellis
1131 1185 1231 1214 iem
1252 1168 1505 1231 publicam
1546 1195 1548 1198 >

89 1235 277 1284 excussa
299 1236 565 1300 regimenta
586 1235 746 1300 petito
767 1235 835 1281 rei
858 1253 938 1299 gei
944 1236 1097 1283 endae
1129 1235 1352 1295 ductori,
1389 1253 1506 1283 con-

86 1304 408 1352 summando
398 1305 562 1353 luveni
586 1303 865 1368 porrexisti:
902 1323 1048 1369 quem
1071 1305 1212 1352 nullis
1238 1319 1348 1352 ante
1372 1319 1503 1352 actae

89 1373 212 1421 vitae
231 1373 498 1438 insignibus
514 1368 564 1419 in
581 1372 867 1420 huiusmodi
888 1374 1095 1437 negotiis
1120 1376 1391 1436 cognitum,
1411 1391 1501 1420 nec

89 1442 356 1506 vituperari
376 1440 415 1508 ⁶)
430 1442 495 1490 est
516 1460 727 1507 aequum
750 1460 837 1489 nce
860 1443 1063 1489 landari.
1099 1443 1229 1490 Illud
1251 1458 1411 1490 tamen
1442 1442 1503 1489 ad
1521 1440 1549 1484 8

87 1511 325 1559 medullas
345 1529 501 1576 usque
527 1512 773 1558 bonorum
796 1514 1041 1574 pervenit,
1076 1511 1240 1576 quod,
1287 1511 1405 1559 dum
1430 1529 1506 1558 ex-

89 1579 296 1627 timescit
317 1580 564 1627 aemulum
585 1580 856 1644 potestatis,
890 1579 1106 1645 dumque
1142 1581 1190 1626 in
1223 1581 1385 1628 animo
1417 1598 1504 1645 per

89 1649 271 1696 Gallias
293 1664 341 1696 et
360 1649 612 1715 Illyricum
629 1648 782 1696 versat
804 1647 1045 1714 quosdam
1065 1648 1202 1714 saepe
1215 1648 1502 1697 sublimiora

90 1717 355 1782 coeptass'e,
382 1719 564 1765 famam
596 1717 832 1765 adventus
860 1717 931 1764 sui
958 1719 1239 1783 praevenire
1259 1718 1502 1778 festinans,

87 1785 347 1850 indiguum
377 1786 588 1851 imperio
618 1787 800 1834 facinus
828 1789 1010 1835 amictu
1039 1788 1243 1853 periurii
1282 1786 1504 1852 fugiendi

89 1855 356 1917 commisit,
391 1856 551 1903 Nilibi
576 1856 799 1920 prodita:
835 1874 955 1922 quae
982 1857 1078 1903 iam
1112 1856 1227 1903 inde
1251 1876 1277 1903 a
1307 1855 1506 1903 Mithri-

89 1923 238 1971 datici
260 1925 396 1988 regni
416 1926 748 1988 temporibus,
785 1943 844 1973 ne
869 1925 1048 1975 Oriens
1070 1944 1095 1972 a
1118 1924 1272 1972 Perfis
1295 1943 1503 1990 occupa-

87 2007 248 2054 retur,
291 1993 479 2041 viribus
513 1993 684 2041 restitit
715 1994 957 2042 maximis.
1051 1993 1335 2059 Numquam
1371 1995 1544 2051 enim9

90 2063 151 2110 ab
172 2063 307 2110 urbis
328 2077 440 2110 ortu
458 2063 666 2112 inveniri
691 2063 845 2128 potest
866 2062 1120 2111 annalibus
1146 2064 1414 2127 replicatis,
1446 2077 1499 2109 ut

91 2131 345 2193 arbitror,-
383 2146 621 2179 terrarum
647 2151 754 2196 pars
776 2133 873 2180 ulla
900 2132 1169 2180 nostrarum
1191 2134 1250 2179 ab
1284 2132 1498 2195 Impera-

93 2214 198 2248 tore
228 2200 304 2247 vel
340 2199 550 2248 Consule
579 2201 706 2248 hosti
735 2201 983 2250 concess'a:
1029 2200 1111 2249 sed
1140 2219 1198 2247 ne
1221 2201 1285 2247 ob
1306 2212 1497 2263 recepta

91 2268 319 2332 quidem,
353 2287 476 2333 quae
508 2268 695 2333 direpta
720 2269 854 2332 sunt,
903 2288 1068 2318 verum
1109 2270 1172 2316 ob
1203 2269 1497 2332 amplificata

92 2356 238 2401 tegna
260 2337 571 2402 triumphalis
597 2339 748 2402 gloiia
762 2339 900 2387 fuilsc
923 2339 1095 2388 delata.
1144 2337 1288 2384 Unde
1318 2335 1371 2382 P.
1395 2337 1500 2384 Sci-
1520 2352 1573 2381 ιο

89 2406 228 2470 pioni
249 2408 314 2454 ob
338 2421 642 2471 recuperatas
669 2407 951 2474 Hispanias,
994 2408 1167 2455 Fulvio
1201 2407 1364 2469 Capua
1393 2405 1501 2469 post

93 2475 322 2524 diuturna
345 2476 608 2523 certamina
630 2475 875 2541 superata,
917 2492 964 2525 et
989 2475 1196 2552 Opimio
1216 2474 1322 2538 post
1343 2473 1500 2521 diver-

94 2543 167 2590 lo's
190 2547 343 2592 exitus
365 2545 696 2608 proeliorum,
730 2547 767 2593 Γ
774 2547 1026 2611 negellanis
1045 2559 1158 2591 tunc
1185 2543 1497 2590 internecivis

94 2612 311 2661 hostibus
343 2613 406 2664 ad
436 2614 740 2663 deditionem
779 2613 1067 2680 compulsis,
1119 2611 1358 2676 triumphi
1390 2610 1500 2659 sunt

141 2778 178 2821 ⁴5)
203 2779 253 2811 al.
281 2789 315 2812 et
343 2779 485 2825 coming.
543 2782 581 2824 6)
604 2780 652 2812 al.
683 2780 727 2816 ro*
754 2777 803 2825 '3st
833 2776 939 2813 deest.
