1727 3144
195 161 450 192 vALExT.
502 159 635 190 VAL.
674 159 750 189 ET
783 156 1080 187 GRATIAN.
1154 143 1270 189 568.
1398 142 1495 201 459

85 271 343 332 Arsacem,
384 268 760 331 adhibitumque
791 266 844 313 in
875 264 1158 313 convivium
1188 266 1316 313 iuffit
1347 267 1406 314 ad
1434 268 1501 314 la-

88 355 271 389 tentem
301 339 430 387 trahi
458 337 716 404 posticam:
753 352 964 399 eumque
988 334 1160 382 effoffis
1188 335 1370 396 oculis,
1399 338 1502 383 vin-

87 425 222 458 ctum
253 409 431 456 catenis
476 406 741 472 argenteis,
806 403 943 469 quod
975 403 1106 468 apud
1137 421 1219 451 eos
1246 403 1500 451 honoratis

87 497 266 526 vanum
306 476 655 542 suppliciorum
694 474 968 523 aestimatur
1014 472 1104 521 ess'e
1137 471 1388 532 solatium,
1429 491 1503 519 ex-

89 547 368 595 terminavit
389 545 451 593 ad
473 546 720 593 castellum
737 543 967 608 Agabana
979 543 1196 602 nomine,
1212 542 1302 589 ubi
1319 541 1502 588 discru-

87 617 241 663 ciatus
272 616 314 681 ²)
347 615 527 663 cecidit
558 616 689 662 ferro
717 613 931 678 poenali.
1020 612 1242 673 Deinde,
1285 628 1346 660 ne
1384 609 1503 674 quid
1523 609 1552 663 4

88 685 432 733 intemeratum
459 683 666 749 perfidia
686 682 996 746 praeteriret,
1032 682 1329 728 Sauromace
1347 679 1505 745 pulso,

88 772 238 818 quem
268 754 528 801 auctoritas
559 752 778 798 Romana
807 749 1043 812 praefecit
1066 749 1324 810 Hiberiae,
1353 748 1509 813 Aspa-

87 840 231 869 curae
251 821 447 869 cuidam
471 818 754 883 potestatem
778 817 996 865 eiusdem
1027 816 1203 865 detulit
1223 820 1378 883 gentis
1407 817 1507 864 dia-

90 890 282 937 demate
313 888 512 948 addito,
564 901 622 935 ut
650 887 854 935 arbitrio
880 885 927 934 se
955 887 1241 935 monstraret
1275 887 1505 934 insultare

88 958 379 1006 nostrorum.
472 957 666 1014 Quibus
695 957 762 1003 ita
797 955 958 1005 studio
996 956 1210 1004 nefando
1261 957 1552 1021 perfectis,5

90 1028 256 1093 Cylaci
283 1025 492 1091 spadoni
524 1041 572 1073 et
602 1026 904 1086 Artabanni,
938 1042 1062 1089 quos
1094 1026 1212 1072 olim
1231 1025 1511 1090 susceperat

90 1097 345 1161 perfugas,
399 1094 641 1143 commifit
667 1094 969 1141 ·Armeniam
1009 1093 1212 1157 (horum
1254 1095 1374 1142 alter
1401 1108 1509 1140 autc

91 1165 248 1229 gentis
280 1165 582 1230 praefectus,
619 1164 738 1210 alter
759 1162 981 1226 magister
1001 1162 1138 1210 fuiffe
1162 1163 1419 1211 dicebatur
1440 1181 1511 1209 ar-

90 1237 308 1300 morum)
340 1232 615 1296 iisdemque
644 1230 921 1294 mandarat,
958 1245 1014 1278 ut
1043 1232 1401 1296 Artogerass'am
1440 1233 1510 1277 in-

93 1303 303 1351 tentiore
324 1320 440 1349 cura
464 1300 797 1350 exscinderent
814 1337 826 1361 ‚
883 1299 1125 1365 oppidum
1154 1302 1307 1348 muris
1331 1316 1376 1349 et
1401 1302 1512 1348 viri-

95 1374 186 1419 bus
207 1371 451 1432 validum,
487 1370 625 1435 quod
658 1368 907 1417 thesauros
940 1384 985 1417 et
1020 1387 1223 1418 uxorem
1253 1390 1367 1419 cum
1403 1370 1510 1418 filio

97 1439 290 1488 Arsacis
321 1441 566 1488 tuebatur.
660 1439 846 1499 Iniere,
899 1453 954 1486 ut
982 1439 1211 1486 statutum
1245 1441 1336 1498 est,
1391 1437 1558 1488 obli-G

98 1509 236 1557 dium
258 1510 422 1557 duces.
493 1509 556 1556 Et
575 1509 810 1574 quoniam
836 1508 1195 1556 munimentum
1222 1510 1435 1574 politum
1462 1511 1513 1555 in

98 1577 353 1643 asperitate
386 1592 644 1636 montana,
683 1578 867 1640 rigente
900 1592 1018 1623 tunc
1053 1579 1189 1624 caelo
1229 1579 1423 1626 nivibus
1467 1592 1515 1625 ct

99 1648 311 1712 pruinis,
350 1647 476 1695 adiri
495 1665 595 1694 non
617 1660 824 1711 poterat,
857 1647 1110 1693 eunuchus
1135 1649 1332 1712 Cylaces
1355 1663 1516 1712 aptus-

99 1735 195 1780 que
230 1716 293 1763 ad
322 1716 580 1765 muliebria
615 1716 948 1780 palpamenta,
992 1715 1277 1765 Artabanne
1311 1717 1514 1778 adscito,

96 1803 254 1849 prope
284 1787 479 1833 moenia
507 1784 611 1849 ipsa
642 1784 676 1848 ³)
702 1783 800 1830 fide
833 1802 932 1830 non
965 1785 1260 1834 amittendae
1293 1789 1333 1851 ⁴)
1354 1787 1518 1834 salutis

100 1869 323 1918 accepta,
370 1871 581 1919 propere
613 1853 770 1900 venit:
815 1867 861 1900 et
888 1872 1001 1900 cum
1030 1853 1165 1902 socio
1195 1855 1256 1901 ad
1284 1856 1518 1904 interiora

99 1921 351 1987 susceptus
377 1938 432 1970 ut
465 1923 749 1988 postulavit,
788 1920 1024 1970 suadebat
1058 1924 1092 1987 ⁵)
1133 1923 1392 1973 minaciter
1435 1926 1519 1973 de-

101 1990 377 2040 fensoribus
414 2006 462 2040 et
490 1992 708 2055 reginae,
756 2005 946 2037 motum
974 1992 1174 2056 Saporis
1194 1993 1518 2042 inclementis-

102 2060 208 2107 fimi
241 2061 462 2109 omnium
492 2060 647 2108 lenire
685 2059 938 2107 deditione
965 2061 1137 2108 veloci.
1211 2062 1382 2110 Multis
1412 2064 1558 2128 post7

102 2133 223 2176 haec
252 2131 382 2176 ultro
413 2130 638 2194 citroque
674 2127 928 2190 dictitatis,
967 2130 1276 2195 eiulanteque
1312 2133 1518 2180 muliere

105 2213 266 2246 truces
301 2198 464 2245 mariti
495 2199 742 2257 fortunas,
792 2198 1086 2262 proditionis
1124 2201 1346 2246 acerrimi
1386 2219 1517 2248 com-

105 2266 326 2331 pulsores
347 2267 397 2312 in
419 2264 803 2313 misericordiam
831 2268 938 2315 flexi
960 2282 1208 2315 mutavere
1236 2268 1515 2316 consilium:

109 2351 158 2383 et
186 2334 265 2399 spe
304 2336 553 2399 potiorum
581 2335 757 2396 crecti,
800 2335 995 2384 secretis
1024 2337 1285 2401 colloquiis
1326 2337 1520 2386 ordina-

112 2419 251 2465 runt,
295 2404 417 2451 hora
448 2403 726 2469 praestituta
751 2419 989 2453 nocturna
1011 2405 1202 2452 reclufis
1224 2404 1385 2454 subito
1409 2426 1521 2472 por-

116 2474 173 2520 tis
208 2473 419 2520 validam
454 2491 650 2519 manum
681 2490 961 2538 erumpere,
1023 2474 1301 2538 vallumque
1345 2476 1520 2526 hostile

113 2541 347 2590 caedibus
370 2541 572 2606 adgredi
599 2543 886 2606 repentinis,
918 2557 972 2590 ut
992 2544 1169 2590 lateant
1188 2543 1240 2590 id
1262 2558 1519 2611 tentantes²

165 2728 208 2777 Ἃ)
236 2727 301 2762 Ns.
331 2728 526 2765 deciderat.
584 2730 624 2777 3)
652 2728 720 2766 ΜΓ.
756 2728 900 2765 deinde.
958 2733 995 2776 4)
1020 2731 1087 2766 ΜΓ.
1120 2731 1230 2768 saluti.
1288 2735 1324 2782 5)
1352 2733 1419 2768 ΜΓ.
1459 2736 1522 2771 mi-

123 2783 268 2807 naelter.
