1727 3144
248 175 681 209 coNsTANTms
719 170 793 207 ET
834 175 1092 208 GAtLUs.
1162 160 1278 208 554.
1419 165 1483 211 55

72 282 329 333 fideratam
357 285 521 334 venire
544 286 708 333 multis
727 285 953 351 fictisque
972 283 1224 332 blanditiis
1253 284 1483 336 hortaba-

72 365 166 400 tur.
250 354 387 410 Quae
418 355 534 402 licet
564 356 856 419 ambigeret,
902 369 1121 402 metuens
1149 353 1288 417 saepe
1309 373 1480 403 cruen-

70 433 202 484 tum3
242 421 332 487 spe
363 437 550 485 tamen,
591 424 726 490 quod
758 442 870 471 eum
901 423 1052 470 lenire
1082 437 1275 486 poterat
1303 439 1356 470 ut
1375 443 1480 487 ger-

66 507 293 550 manum,
338 493 580 556 profecta,
631 512 742 540 cum
781 493 1065 556 Bithyniam
1107 491 1367 554 imminet,
1402 495 1476 558 'in

66 558 295 621 flatione,
343 579 466 625 quae
496 563 682 609 Caenos
723 562 1004 609 Gallicanos
1047 558 1344 624 adpellatur‚
1395 563 1478 609 ab·

64 625 256 692 sumpta
285 630 349 677 eft
383 633 428 676 vi
461 632 673 678 febrium
708 630 973 694 repentina.
1056 630 1206 677 Cuius
1239 630 1343 694 post
1369 632 1475 678 obi-

65 709 170 743 tum
204 700 403 745 maritus
431 700 764 764 contemplans
798 697 1021 747 cecidiss'e
1061 697 1319 760 fiduciam,
1377 719 1474 764 qua

64 764 113 811 se
136 766 311 814 fultum
332 767 668 825 existimabam
698 767 836 819 anxia
855 767 1179 827 cogitatione,
1220 767 1342 833 quid
1371 787 1475 816 mo-

64 833 261 896 liretur,
291 836 536 883 haerebat.
610 837 744 884 Inter
763 855 837 884 res
859 838 988 885 enim
1008 837 1265 900 impeditas
1301 851 1348 884 et
1375 852 1513 898 tura7

64 903 233 961 hidas,
276 905 339 951 ad
367 905 462 952 hoc
496 924 646 952 unum
675 920 888 953 mentem
914 904 1172 956 sollicitam
1216 906 1474 969 dirigebat,

66 972 203 1036 quod
239 974 546 1022 Constantius
571 988 746 1023 cuncta
774 975 833 1023 ad
866 974 997 1022 suam
1037 973 1324 1022 sententiam
1361 993 1479 1022 con-

59 1041 246 1102 ferens,
284 1061 372 1091 nec
404 1043 779 1092 satisfactionem
820 1043 1050 1108 suscipiet
1087 1044 1329 1108 aliquam,
1383 1063 1475 1092 nec

34 1174 37 1178 ¹
65 1111 234 1157 erratis
261 1108 502 1175 ignoscet:
542 1113 626 1161 sed
656 1128 711 1166 ut
744 1111 846 1161 erat
871 1114 922 1160 in
956 1113 1333 1180 propinquitatis
1374 1132 1477 1177 per-

64 1179 245 1226 niciem
278 1181 586 1243 inclinatior,
631 1182 832 1247 laqueos
866 1183 910 1230 ei
939 1184 1146 1229 latenter
1182 1182 1472 1242 obtendens,

65 1247 99 1294 fi
125 1248 322 1312 cepiffet
343 1250 618 1311 incautum,
663 1266 822 1299 morte
858 1252 1098 1298 multaret.
1177 1250 1250 1296 Eo
1284 1251 1511 1300 necelfi—8

68 1316 178 1363 tatis
208 1316 473 1378 adductuS,
506 1320 803 1383 ultimaque,
835 1320 885 1365 ni
906 1317 1166 1379 vigilalset,
1196 1319 1473 1381 opperiens,

67 1386 342 1449 principem
370 1387 563 1446 locum,
602 1386 639 1432 fi
669 1405 762 1450 qua
794 1386 1015 1450 patuiss'et
1043 1387 1214 1449 copia,
1260 1386 1476 1434 adfecta·
1520 1430 1523 1433 .

68 1456 180 1500 bat:
213 1454 293 1501 sed
316 1455 570 1518 perfidiam
592 1456 924 1518 proximorum
947 1455 1132 1501 ratione
1156 1455 1328 1501 bifaria
1350 1458 1476 1520 ³)ve..

70 1524 292 1582 rebatur,
343 1525 382 1588 ⁴)
422 1523 645 1588 quicum
675 1537 729 1569 ut
757 1524 1087 1569 truculentum
1121 1523 1389 1570 horrebant
1426 1539 1475 1572 et

68 1591 257 1651 levem,
299 1593 331 1657 ⁵)
364 1592 547 1656 quique
580 1591 800 1637 altiorem
833 1590 1100 1637 Constantii
1141 1591 1389 1638 fortunam
1423 1594 1475 1640 in

71 1660 333 1707 discordiis
366 1659 590 1707 civilibus
618 1658 966 1706 formidabant.
1049 1659 1183 1705 Inter
1215 1659 1302 1706 has
1342 1675 1514 1715 cura-9

68 1749 177 1777 rum
196 1729 348 1776 moles
370 1727 654 1786 immensas,
701 1726 1014 1792 Imperatoris
1043 1726 1219 1791 scripta
1249 1727 1478 1793 suscipie-

68 1799 153 1846 bat
171 1797 395 1855 adsidua,
425 1797 666 1845 monentis
690 1797 997 1860 orantisque,
1036 1810 1090 1842 ut
1116 1795 1240 1843 adse
1274 1800 1476 1860 veniret,

71 1877 121 1916 et'
152 1881 313 1914 mente
341 1865 648 1913 monstrantis
686 1866 913 1930 obliqua,
954 1884 1056 1912 rem
1100 1866 1343 1929 publicam
1387 1886 1477 1915 uec

14 1980 17 1985 s
70 1935 203 2002 poffe
228 1935 408 1995 dividi,
442 1954 529 1982 nec
553 1936 759 1995 debere,
796 1933 878 1981 led
910 1953 997 1998 pro
1019 1933 1202 1980 viribus
1228 1954 1476 2000 quemque

27 2018 29 2023 ’
73 2007 118 2053 ei
156 2006 280 2052 ferre
310 2004 552 2069 suppetias
595 2004 878 2064 fluctuanti,
933 2003 1161 2048 nimirum
1204 2005 1478 2052 Galliarum

27 2070 30 2074 ’
70 2073 291 2122 indicans
326 2074 603 2120 vastitatem.
691 2072 883 2128 Quibus
915 2071 1192 2118 subserebat
1227 2091 1322 2119 non
1351 2073 1474 2121 adeo
1491 2099 1542 2127 10

72 2157 208 2191 vetus
228 2144 527 2206 exemplum,
563 2141 697 2207 quod
723 2141 1031 2188 Diocletiano
1056 2155 1100 2187 et
1124 2141 1225 2188 eius
1244 2143 1476 2206 collegae,

73 2227 128 2259 ut
161 2211 486 2274 adparitores,
535 2210 757 2258 Caclares
787 2228 885 2257 non
918 2209 1116 2269 resides,
1158 2209 1242 2257 sed
1264 2211 1391 2257 ultro
1412 2211 1478 2257 ci-

73 2288 250 2343 troque
270 2279 593 2338 discurrentes
617 2279 1046 2343 obtemperabant:
1084 2293 1132 2326 et
1151 2278 1198 2324 in
1219 2280 1356 2344 Syria
1379 2280 1482 2326 Au·-

78 2349 198 2413 gusti
248 2349 526 2397 vehiculum
578 2347 822 2395 irascentis
881 2367 964 2412 per
1012 2347 1219 2411 spatium
1266 2346 1306 2411 ⁶)
1346 2348 1478 2395 mille

75 2417 296 2482 pass'uum
333 2419 435 2466 fere
475 2417 624 2482 pedes
665 2417 956 2481 antegress'us
998 2418 1064 2465 est
1108 2416 1331 2464 Galerius
1368 2435 1482 2480 pur-

78 2500 295 2551 puratus.

718 2552 821 2601 C2

123 2736 164 2778 6)
202 2736 271 2771 Ms.
311 2735 548 2771 deferebatur.
604 2739 642 2779 4)
680 2738 803 2786 Sceph.
840 2749 874 2774 et
901 2737 967 2773 ΜΓ.
995 2738 1070 2786 qui.
1134 2740 1170 2784 5)
1199 2737 1322 2786 Steph.
1352 2749 1386 2774 et·
1410 2738 1477 2774 Ms.

83 2781 228 2828 quique.
277 2786 312 2830 ὅ)
340 2785 389 2818 al.
419 2782 518 2821 mille
546 2782 674 2830 palliis.
