1727 3144
230 170 327 216 516
453 182 730 215 ΑΜΜῙΑΝι
770 177 1162 212 MARCELLINI
1198 177 1342 218 xxix,
1380 162 1425 206 5.
1462 168 1507 207 ti.

235 291 587 358 deportationis
607 289 839 337 maestitia
858 290 898 353 ⁷)
909 287 1158 334 liberatus.
1179 285 1218 350 ³)
1243 291 1269 318 *
1290 291 1318 319 *
1338 291 1365 318 *
1385 287 1531 350 longe
1549 321 1557 331 .
1575 321 1585 332 .

194 376 218 416 8
235 361 497 423 efflaverit,
533 379 645 407 cum
668 359 737 404 illi
760 356 1022 421 saepissime
1049 370 1410 420 torquerentur.
1483 355 1646 419 Repli-

234 432 352 478 catis
381 431 528 495 igitur
558 427 917 493 quaestionibus
959 424 1130 486 dense,
1186 438 1233 472 et
1268 423 1562 489 quibusdam
1593 424 1643 471 vi

234 501 382 547 nimia
415 511 773 544 tormentorum
803 494 1095 559 absumptis,
1128 511 1188 541 ne
1219 494 1414 556 vestigia
1443 493 1645 557 quidem

232 570 330 615 ulla
355 568 626 619 delatorum
648 579 837 630 reperta
862 564 970 611 sunt
994 564 1270 610 criminum.
1355 563 1411 610 In
1441 563 1538 608 hoc
1565 580 1646 609 nee

236 640 369 702 gotio
420 649 721 701 protectores
772 634 834 681 ad
887 633 1186 680 exhibendas
1234 631 1357 679 miffi
1401 630 1645 697 personas,-

235 706 438 754 sui'tibus
461 719 651 769 praeter
671 705 866 751 solitum
887 704 926 767 ⁹)
949 702 1085 749 caeli.

193 785 218 823 9
338 774 591 822 Horrescit
612 774 799 819 animus
821 771 985 818 omnia
1008 769 1281 831 recensere,
1317 768 1555 832 simulque
1576 785 1650 814 re·-

234 843 494 904 formidat,
523 861 584 889 ne
606 860 661 889 ex
684 840 894 905 proselso
917 838 1143 903 qnael'ilse
1165 839 1418 885 videamur
1447 838 1498 882 in
1531 835 1648 883 vitia

236 913 505 974 Principis,
566 911 656 955 alia
696 907 1088 955 commodissimi.
1180 907 1311 954 Illud
1352 921 1514 953 tamen
1558 922 1649 953 nec

236 980 489 1045 praeteriri
510 978 574 1024 est
594 995 805 1040 aequum
826 994 915 1022 nec
936 974 1060 1021 fileri
1078 993 1088 1021 t
1120 975 1257 1039 quod
1278 994 1390 1022 cum
1415 974 1534 1021 duas
1568 973 1653 1022 ha-

238 1051 375 1096 beret
402 1044 533 1092 ursas
575 1044 736 1091 saevas
780 1045 1038 1091 hominum
1079 1044 1413 1105 ambestrices3
1467 1042 1651 1090 Micam

240 1134 434 1165 auream
471 1128 518 1162 et
556 1113 921 1161 Innocentiam:
973 1113 1110 1158 cultu
1149 1112 1214 1158 ita
1253 1114 1454 1159 curabat
1491 1112 1651 1171 enix‘o,

238 1201 292 1233 ut
311 1203 476 1233 earum
517 1200 686 1229 caveas
729 1192 880 1246 prope
927 1182 1211 1229 cubiculum
1263 1180 1402 1228 suum
1451 1181 1653 1241 locaret,

239 1252 561 1318 custodesque
594 1251 798 1298 adderet
832 1251 986 1311 fidos,
1032 1249 1218 1297 visuros
1247 1249 1482 1311 sollicite,
1515 1251 1570 1316 ¹⁰)
1591 1269 1650 1298 ne

242 1341 341 1389 quo
364 1321 476 1370 casu
496 1323 708 1368 ferarum
731 1320 976 1368 deleretur
997 1320 1241 1367 luctificus
1272 1320 1420 1367 calor.
1507 1320 1657 1367 Iuno·-

240 1393 450 1440 centiam
480 1391 722 1454 denique,
768 1389 874 1454 post
913 1389 1113 1451 multas,
1164 1407 1282 1453 quas
1325 1389 1427 1436 eius
1470 1390 1656 1448 laniatu

239 1462 530 1510 cadaverum
560 1458 747 1506 viderat
776 1458 1072 1522 sepulturas,
1125 1471 1179 1504 ut
1216 1458 1565 1505 benemeritam
1600 1459 1649 1503 in

238 1532 376 1578 filvas
398 1530 532 1578 abire
555 1527 735 1576 dimifit
753 1530 805 1594 Π)
818 1528 1082 1576 innoxiam.
1153 1527 1291 1592 Exop
1319 1563 1479 1575 .....
1499 1527 1653 1575 [imile

241 1600 367 1649 sedit
392 1635 564 1644 .....
603 1603 632 1629 *
677 1604 704 1629 *

204 1694 218 1717 i
341 1668 431 1715 IV.
473 1667 536 1713 Et
566 1666 686 1714 haec
722 1663 924 1730 quidem
957 1681 1152 1713 morum
1182 1664 1283 1712 eius
1329 1677 1376 1711 et
1417 1663 1654 1729 propositi

240 1737 431 1785 cruenti
467 1736 578 1783 sunt
612 1735 907 1783 documenta
945 1734 1207 1783 veriffima:
1257 1732 1497 1780 sollertiae
1535 1751 1653 1782 vero

243 1805 369 1852 circa
400 1823 502 1852 rem
538 1805 784 1868 publicam
818 1806 1099 1868 [n]usquam
1127 1805 1161 1868 ¹)
1185 1800 1528 1866 digredienti's‚
1573 1821 1655 1850 ne.

245 1891 339 1936 que
371 1891 480 1919 eum
512 1875 588 1919 vel
618 1874 919 1920 obtrectator
949 1873 1175 1938 pervicax
1214 1871 1476 1919 incusabit:
1529 1871 1655 1919 illud

242 1941 608 2004 contemplans,
643 1941 778 2004 quod
813 1943 964 1988 maius
995 1942 1207 2005 pretium
1240 1958 1416 2004 operae
1453 1938 1679 1987 forfitan‘

245 2009 468 2073 regendis
493 2009 651 2055 verius
678 2008 830 2054 milite
851 2011 1070 2055 barbaris
1091 2028 1237 2072 quam
1259 2006 1512 2070 pellendis.
1592 2009 1654 2056 Et

246 2097 359 2125 cuin
385 2076 586 2124 dedisset
607 2082 634 2108 *
653 2081 680 2108 *
699 2094 723 2123 e
745 2074 979 2139 speculis,
1013 2075 1049 2122 si
1071 2077 1179 2141 quis
1201 2076 1413 2124 hostium
1437 2075 1486 2124 se
1519 2095 1654 2125 com-

247 2146 470 2194 moviss'et
485 2183 497 2206 ,
532 2143 736 2209 desuper
756 2144 884 2191 visus
905 2145 942 2210 ²)
965 2146 1281 2192 obruebatur.

205 2228 232 2257 2
345 2216 638 2280 Agitabatur
661 2228 819 2260 autem
845 2214 970 2261 inter
992 2214 1285 2277 multiplices
1308 2233 1445 2262 curas
1470 2214 1522 2262 id
1552 2234 1654 2264 oni-

248 2284 383 2331 nium
408 2284 619 2349 primum
649 2297 695 2329 et
720 2282 1039 2347 potissimum,
1071 2297 1124 2330 ut
1157 2283 1462 2331 Macrianum
1491 2297 1655 2350 regem

250 2368 447 2400 auctum
486 2353 613 2400 inter
656 2352 946 2399 mutationes
987 2353 1182 2401 crebras
1221 2354 1256 2417 ³)
1287 2351 1649 2414 sententiarum7
1696 2408 1699 2412 ¹

299 2491 334 2533 7)
363 2486 429 2522 Ms.
457 2486 640 2522 liberatus.
696 2491 734 2533 8)
759 2486 836 2533 (hic
863 2484 991 2520 lacuna
1018 2495 1170 2533 quatuor
1195 2485 1400 2523 linearum.)
1426 2485 1443 2501 *
1468 2483 1575 2532 longe
1595 2499 1653 2520 cu—
1691 2524 1694 2527 Δ

252 2535 394 2572 faverit,
435 2546 515 2566 cum
553 2533 618 2568 illi.
681 2536 720 2579 9)
753 2533 819 2566 Ms.
859 2532 958 2566 caefi.
1029 2535 1089 2578 ιο)
1117 2534 1168 2566 nl.
1196 2546 1242 2567 ne
1274 2547 1344 2580 qno
1377 2544 1418 2566 ea
1444 2530 1652 2578 superarum

254 2581 404 2615 debetur
438 2578 585 2614 luctific.
649 2582 713 2625 ιι)
754 2579 820 2614 Ms.
862 2580 1054 2613 innoxiam.
1112 2580 1212 2626 Exop
1237 2604 1398 2613 ......
1420 2576 1532 2612 fimile
1563 2578 1651 2614 sedis

256 2653 391 2660 .....
445 2631 478 2665 ι)
507 2625 762 2672 digredientis‚
790 2639 855 2659 nec
883 2639 953 2671 qno
985 2639 1066 2658 enm
1088 2625 1204 2658 velom
1232 2626 1383 2659 feriator
1408 2626 1573 2670 pervicax
1601 2627 1652 2659 iu·
1691 2637 1696 2660 ἴ

254 2672 400 2707 cnsabit.
458 2671 547 2705 illud
572 2671 848 2719 contemplatio,
889 2672 985 2718 qnod
1014 2671 1127 2705 mains
1151 2673 1304 2718 pretium
1332 2683 1462 2718 operae
1499 2672 1649 2705 fortican

253 2718 429 2764 regendus
464 2719 579 2752 verius
615 2718 728 2752 milite
764 2718 922 2751 barbaris
960 2731 1030 2759 quo
1072 2717 1263 2764 pellendis.
1319 2719 1363 2751 Et
1392 2730 1473 2750 cuin
1502 2716 1648 2751 dedisse—1

253 2766 267 2781 ⁴*
297 2765 370 2805 (hic
398 2766 536 2797 lacuna
561 2770 720 2810 quinque
743 2766 939 2801 linearum)
972 2764 979 2797 ζ
1017 2790 1023 2797 .
1054 2763 1191 2810 pec-ulis
1219 2763 1243 2798 fi
1270 2765 1348 2810 quis
1373 2763 1463 2799 host.
1517 2770 1554 2809 2)
1581 2766 1647 2800 Mt

255 2810 473 2845 obruebatur
504 2836 510 2842 .
541 2836 546 2842 .
574 2837 580 2842 .
609 2836 615 2843 .
645 2810 852 2856 agitabatur.
904 2810 1030 2854 5)M1'.
1063 2810 1314 2845 sententiarum
1341 2833 1350 2844 .
1380 2836 1388 2842 .
