1727 3144
231 15 254 38 0

156 175 165 185 ·
231 171 665 204 CONSTANTIUS
696 170 768 199 ET
805 170 1124 201 iuLIANus.
1197 157 1311 202 556.
1427 157 1490 216 95

185 280 629 330 Proinde‘Romam
651 278 907 344 ingreffus,
946 278 1143 344 imperii
1158 279 1492 346 virtutumque
1509 292 1562 337 13

92 351 310 398 omnium
330 351 481 398 larem
497 387 510 410 ,
540 368 653 397 cum
681 348 879 396 venisset
902 346 965 395 ad
988 348 1182 408 Rostra,
1213 348 1494 412 perspectis-

87 418 258 467 fimum
290 419 472 484 priscae
495 419 741 483 potentiae
762 419 953 477 forum,
996 416 1270 481 obstupuit:
1308 435 1493 482 perque

88 505 233 536 omne
253 489 403 549 latus,
442 505 540 552 quo
560 486 608 535 se
629 487 760 535 oculi
779 485 1110 549 contulifl'ent,
1141 486 1492 534 miraculorum

88 556 320 606 denfitate
358 556 727 623 pn‘aest1·icttis,f
747 555 1041 620 adloquutus
1082 555 1390 603 nobilitatem
1438 556 1492 603 in

83 628 243 687 curia,
287 628 626 691 populumque
659 644 684 672 e
717 625 977 685 tribunali,
1020 624 1070 670 in
1100 624 1332 687 palatium
1363 643 1493 687 rece-

80 709 193 758 ptus
233 696 398 743 favore
435 694 718 758 multiplici,
770 694 957 741 ‘laetitia
1000 694 1255 741 fruebatur
1297 708 1489 758 optata:

80 777 128 811 et
160 763 323 829 saepe,
371 783 483 811 cum
515 764 755 826 equestres
798 762 964 811 ederet
1001 762 1170 825 ludos,
1229 762 1488 811 dicacitate

78 833 236 898 plebis
259 834 619 894 oblectabatur,
656 850 747 879 nec
776 830 1037 897 superbae,
1059 849 1181 891 „nec
1203 851 1229 879 a
1258 832 1485 880 libertate

77 902 253 949 coalita
274 900 604 963 desciscentis,
637 894 912 949 rev'erenter
931 900 1136 958 modum
1156 901 1258 966 ipse
1283 920 1499 967 quoque·

77 969 299 1018 debitum
317 970 525 1029 servans.
598 970 714 1019 Non
738 971 867 1019 enim
881 1009 894 1030 ,
924 985 978 1018 ut
998 987 1084 1036 per
1103 971 1328 1018 civitates
1350 972 1482 1032 alias,
1503 976 1555 1031 14

72 1039 136 1086 ad
155 1040 409 1087 arbitrium
433 1039 569 1087 suum
599 1041 862 1090 certamina
882 1041 1013 1088 finiri
1044 1041 1348 1105 patiebatur:
1397 1039 1483 1088 sed

71 1123 126 1156 ut
157 1127 263 1157 mos
308 1110 398 1171 est,
445 1109 588 1157 variis
631 1109 818 1158 cafibus
855 1109 1186 1176 permittebat.
1285 1109 1481 1157 Deinde

69 1177 195 1225 intra
214 1176 399 1243 septem
418 1181 663 1227 montium
685 1180 925 1238 culmina,
954 1197 1041 1243 per
1064 1179 1358 1226 acclivitates
1382 1180 1483 1243 pla.

70 1246 340 1312 nitiemque
365 1246 513 1310 pofita
537 1248 673 1295 urbis
693 1250 912 1296 membra
933 1248 1214 1295 collustrans
1237 1261 1283 1293 et
1313 1246 1482 1294 subur-

71 1315 223 1374 bana,
263 1315 509 1379 quidquid
541 1315 730 1363 viderat
759 1318 997 1379 primum,
1045 1315 1095 1360 id
1117 1316 1329 1362 eminere
1355 1316 1481 1364 inter

73 1383 166 1430 alia
199 1398 374 1430 cuncta
405 1383 654 1446 sperabat:
699 1385 830 1430 Iovis
870 1384 1046 1447 ‘l'arpei
1071 1382 1301 1444 delubra,
1330 1403 1480 1449 quan·
1544 1381 1549 1387 ³

72 1466 176 1498 tum
196 1452 398 1512 terrenis
421 1450 582 1498 divina
605 1453 931 1516 praecellunt:
976 1454 1163 1498 lavacra
1196 1453 1243 1498 in
1274 1452 1480 1501 modum

69 1520 437 1585 'provinciarum
470 1520 733 1567 exstructa:
781 1521 1128 1585 amphitheatri
1159 1523 1341 1569 molem
1369 1521 1480 1570 soli-

73 1588 234 1636 datam
254 1588 429 1654 lapidis
453 1580 983 1652 Tiburtinifftompage,
1031 1588 1094 1634 ad
1123 1589 1261 1635 cuius
1282 1589 1479 1638 summi-

72 1672 218 1705 tatem
254 1676 394 1721 aegre
423 1655 540 1703 vifio
572 1657 785 1703 humana
823 1656 1135 1704 conscendit:
1183 1656 1475 1720 Pantheum,

68 1728 201 1774 velut
220 1727 468 1790 regionem
495 1740 698 1773 teretem
721 1726 929 1789 speciosa
954 1724 1239 1774 celsitudine
1266 1729 1479 1775 fornica-

68 1810 198 1857 tam,
238 1795 486 1860 elatosque
519 1796 578 1860 ¹²)
600 1796 829 1853 vertices,
865 1795 949 1860 qui
969 1794 1154 1843 scansili
1174 1796 1226 1860 ¹³)
1256 1795 1476 1861 suggestu

66 1867 123 1929 ¹⁴)
142 1862 463 1927 consurgunt,
500 1865 720 1928 priorum
742 1865 1021 1930 principum
1039 1865 1340 1913 imitamenta
1362 1885 1475 1930 por-

63 1947 245 1994 tantes,
308 1947 356 1980 et
392 1932 535 1980 Urbis
580 1935 843 1998 templum,
905 1936 1167 1998 forumque
1205 1934 1367 1996 Pacis,
1412 1950 1473 1983 ,et

65 2001 290 2066 Pompeii
311 2001 582 2065 theatrum,
616 2017 664 2050 et
686 2003 893 2065 odeum,
928 2018 974 2051 et
1002 2003 1233 2065 stadium,
1278 2005 1469 2069 aliaque

62 2071 188 2118 inter
209 2071 328 2118 haec
351 2070 528 2119 decora
552 2073 685 2119 urbis
709 2087 945 2121 aeternae.
1017 2073 1232 2130 Verum,
1262 2091 1376 2120 cum
1407 2073 1472 2120 ad.
1490 2068 1541 2115 15

66 2139 266 2186 Traiani
292 2140 452 2187 forum
480 2141 702 2202 venill'et,
747 2142 1034 2206 singularem
1056 2140 1145 2187 sub
1169 2143 1303 2189 omni
1333 2143 1469 2189 caclo

64 2208 373 2268 structuram,
424 2223 478 2255 ut
507 2211 788 2274 opinamur,
829 2212 971 2258 etiam
1008 2211 1264 2257 numinum
1303 2209 1470 2257 adsen-

65 2278 193 2326 lione
213 2277 514 2338 mirabilem,
551 2277 782 2327 haerebat
810 2282 1070 2341 attonitus,
1100 2298 1188 2344 per
1219 2280 1467 2342 giganteos

62 2360 320 2394 contextus
343 2347 689 2395 circumferens
712 2364 922 2397 mentem
944 2387 955 2405 ‚
990 2367 1080 2396 nec
1111 2350 1265 2395 relatu
1303 2349 1468 2394 ell‘abi-

59 2415 156 2473 les,
191 2433 279 2462 nec
304 2415 462 2462 rursus
486 2418 772 2464 mortalibus
794 2417 1112 2482 adpetendos.
1199 2415 1351 2461 Omni
1381 2416 1466 2463 ita—

54 2502 156 2547 ,que
211 2485 293 2548 spe
340 2484 625 2531 huiusmodi
679 2486 934 2551 quidpiam
990 2483 1201 2533 conandi
1248 2483 1462 2548 depulsa,

63 2552 259 2600 Traiani
287 2570 467 2616 equum
495 2552 651 2600 solum
680 2557 893 2603 locatum
924 2557 988 2602 in-
1007 2555 1116 2601 atrii
1145 2552 1339 2613 medio,
1377 2555 1463 2619 qui
1510 2601 1513 2603 .

110 2741 163 2772 ηδ
199 2741 248 2772 al.
287 2738 417 2773 vertice
457 2737 561 2772 senus.
622 2739 689 2783 ΜΓ,
723 2741 855 2775 vertit-e
891 2738 1013 2774 castili.
1085 2740 1143 2784 13)
1179 2740 1230 2773 nl.
1264 2734 1454 2784 suggestus.

64 2790 121 2828 ¹4)
144 2785 210 2819 ΜΓ.
239 2785 466 2831 consurgunt.
