1727 3144
162 185 588 218 coss‘rANTms
638 185 713 216 ΕΤ
761 183 1073 216 IULIANUS.
1148 171 1264 230 559.
1389 185 1489 230 191¹

67 297 295 362 globum,
375 313 524 361 quem
569 294 810 344 didicerat
863 294 1151 354 adventare,
1230 293 1478 357 confugit:

64 366 415 431 susceptusque
439 379 661 428 aventer,
723 364 809 429 qui
839 363 979 426 esset,
1031 381 1092 411 ex
1131 362 1191 410 iis
1236 361 1480 426 cognitus,

36 488 46 501 x
67 453 191 501 quae
218 436 539 501 loquebatur,
582 435 622 500 ⁸)
654 433 941 499 Tamsapori
970 430 1079 498 post
1110 431 1243 480 diem
1271 428 1482 478 traditur

67 505 323 570 quintum:
381 500 567 570 perque
597 522 709 552 eum
733 504 835 569 regi
861 505 902 569 ⁹)
932 503 1148 563 oblatus,
1230 501 1410 566 opibus
1433 513 1483 556 et

0 551 2 623 i
64 573 418 622 necesfitudine
441 574 575 621 omni
602 587 884 638 recuperata
913 591 1026 620 cum
1058 571 1293 635 coniuge,
1331 587 1482 635 quam

64 660 248 708 paucos
281 643 387 707 post
416 642 602 691 menses
630 641 808 702 amilit,
861 656 964 688 erat
1001 641 1203 689 secundi
1236 638 1335 687 loci
1374 637 1484 701 post

63 712 392 775 Antoninum,
424 726 480 759 ut
500 713 725 776 aitpoeta
743 711 1035 775 praeclarus,
1065 712 1213 774 longo
1232 707 1483 774 proximus

62 781 336 828 intervallo.
410 781 500 827 Ille
532 781 663 827 enim
694 779 894 843 ingenio
922 793 970 827 et
989 779 1079 827 usu
1102 798 1266 827 rerum
1293 776 1478 824 diutur-
1500 790 1529 834 g

63 867 130 897 no
153 851 410 910 „fix-matus,
459 848 672 896 consiliis
701 847 874 896 validis
905 849 1175 897 sufficiebat
1210 850 1260 895 in
1288 859 1480 906 cuncta,

64 936 188 983 quae
207 919 478 966 conabatur
496 936 507 965 :
546 918 629 965 hic
651 931 823 965 natura
842 917 1110 982 simplicior
1123 955 1136 979 ,
1175 915 1390 965 nominis
1414 927 1482 961 ta-

62 1005 177 1035 men
196 986 368 1034 itidem
392 987 678 1052 pervulgati.
755 987 820 1035 Et
847 987 970 1035 haec
999 986 1203 1052 quidem
1223 984 1360 1034 haud
1394 982 1483 1031 diu

61 1056 226 1121 postea
251 1057 578 1120 contigerunt.

166 1125 267 1173 Rex
287 1143 404 1173 vero
419 1163 431 1187 ,
479 1126 596 1173 licet
623 1124 933 1175 securitatem
963 1125 1176 1173 referens
1198 1126 1367 1181 vultu,
1403 1140 1480 1169 ex·
1499 1144 1526 1184 9

63 1190 339 1257 sultansque
376 1194 537 1259 specie
578 1208 719 1243 tenus
757 1194 894 1242 urbis
949 1194 1147 1241 excidio
1193 1193 1479 1252 videbatur,

59 1262 313 1326 profundo
347 1261 509 1311 tameti
536 1264 596 1329 ¹⁰)
619 1264 769 1310 animi
798 1264 1006 1326 graviter
1033 1263 1297 1322 aestuabat,
1338 1278 1481 1324 repu-

50 1343 194 1390 tans,
226 1331 276 1377 in
302 1330 689 1378 obsidionalibus
713 1332 849 1377 malis
871 1329 1010 1394 saepe
1030 1330 1271 1377 luctuosas
1295 1330 1342 1377 se
1372 1347 1483 1393 per-

63 1399 221 1447 tuliss'e
241 1399 468 1461 iacturas,
500 1400 756 1464 multoque
787 1399 1048 1462 ampliores
1077 1399 1123 1445 sc
1145 1397 1304 1463 ipsum
1326 1415 1484 1462 popu-

64 1468 139 1515 los
160 1466 441 1532 perdidiss'e,
465 1486 612 1532 quam
635 1469 773 1516 enost
783 1469 843 1514 ris
864 1483 1058 1532 ceperat
1077 1468 1230 1528 vivos,
1258 1470 1336 1516 'vel
1347 1481 1481 1515 certe

64 1554 152 1602 per
181 1535 391 1585 diversas
424 1536 618 1585 fuderat
650 1555 858 1601 pugnas:
909 1550 963 1582 ut
1002 1537 1135 1601 apud
1169 1536 1362 1584 Nifibin
1397 1536 1481 1583 ali-

64 1606 258 1670 quoties
292 1607 479 1668 evenit,
551 1620 599 1653 et
629 1607 682 1670 ¹¹)
715 1606 996 1669 Singaram:
1060 1606 1265 1669 parique
1307 1605 1479 1665 modo,

62 1693 177 1722 eum
209 1673 510 1740 septuaginta
537 1688 733 1739 tresque
760 1673 863 1721 dies
896 1673 1128 1721 Amidam
1161 1674 1481 1722 multitudine

62 1743 443 1791 circumsediffet
470 1762 744 1804 armorum,
787 1761 895 1790 xxx.
918 1744 1070 1790 millia
1090 1743 1309 1808 perdidit
1331 1744 1481 1791 bella-

61 1826 254 1875 torum3
289 1804 426 1878 'quae
449 1814 614 1877 paullo
646 1813 808 1878 postea
829 1830 918 1878 per
937 1812 1198 1875 Discenen,
1222 1814 1480 1862 tribunum

63 1895 113 1929 et
132 1881 374 1929 notarium
388 1919 402 1943 ,
436 1896 686 1930 numerata
707 1881 818 1929 sunt
836 1882 928 1930 hac
950 1881 1245 1931 discretione
1267 1883 1478 1944 facilius,

64 1949 200 2015 quod
227 1951 512 1998 nostrorumv
535 1951 770 2000 cadavera
803 1970 918 2000 mox
958 1952 1209 2000 caesorum
1247 1952 1480 2000 fatiscunt

64 2033 112 2066 et
141 2019 388 2081 defluunt,
429 2021 553 2069 adeo
577 2037 633 2070 ut
655 2021 833 2068 nullius
854 2022 1037 2069 mortui
1058 2023 1205 2070 facies
1225 2023 1332 2087 post
1360 2040 1478 2086 qua-

61 2087 282 2136 triduum
315 2088 622 2154 agnoscatur:
667 2092 1040 2139 interfectorum
1069 2109 1185 2140 vero
1219 2091 1478 2140 Persarum

60 2156 338 2205 inarescunt
366 2159 418 2205 in
440 2159 646 2207 modum
669 2161 888 2225 stipitum
911 2179 1143 2229 corpora,
1208 2175 1263 2208 ut
1302 2178 1391 2209 nec
1420 2159 1476 2205 li·-

12 2228 17 2241 ’“
64 2227 330 2289 quentibus
355 2230 611 2290 membris,
672 2248 760 2278 nec
790 2229 920 2278 sanie
954 2231 1146 2295 perfusa
1168 2228 1471 2278 madescant:

63 2294 201 2358 quod
240 2295 336 2343 vita
367 2297 561 2360 parcior
590 2299 731 2362 facit,
774 2313 822 2347 et
846 2300 935 2346 ubi
963 2299 1248 2361 naseuntur,
1284 2297 1473 2346 exustae

61 2364 307 2412 caloribus
330 2380 502 2413 terrae.

166 2434 231 2479 X.
264 2434 399 2480 Dum
432 2435 554 2483 haee
583 2453 671 2499 per
707 2438 867 2486 varios
907 2438 1127 2486 turbines
1162 2437 1211 2482 in
1253 2433 1471 2482 Orientis
1495 2458 1512 2485 1

66 2501 244 2549 extimo
265 2503 569 2563 festinantur,
594 2504 930 2556 difficultatem
952 2505 1256 2555 adventantis
1274 2505 1471 2568 inopiae

64 2569 424 2620 frumentorum
452 2575 569 2621 urbs
600 2577 856 2625 verebatur
890 2591 1108 2625 aeterna:
1146 2575 1294 2640 vique
1320 2574 1472 2622 mina-

113 2753 155 2798 3)
186 2754 254 2790 MI-
296 2767 368 2792 tam
402 2759 531 2807 sapori.
588 2764 633 2809 9)
668 2763 718 2796 al.
756 2760 894 2798 ablatis.
948 2761 1004 2809 ιο)
1032 2764 1082 2801 at.
1109 2763 1243 2800 animo.
1304 2762 1366 2810 ιι)
1396 2761 1466 2799 ΜΓ.

67 2796 262 2844 Signatum.
