1727 3144
197 169 260 212 44
448 182 718 240 ,1111111111
752 182 1145 213 MARCRLLINI
1179 182 1273 224 xv,
1308 182 1354 212 2.

162 313 177 338 1
287 283 376 339 Π.
405 291 609 356 Iamque
641 293 675 356 ¹)
710 290 814 355 post
841 289 1162 338 miserandam
1190 289 1344 339 deleti
1381 288 1596 338 Caesaris

194 357 411 421 cladem,
432 359 645 410 sonante
669 360 1000 423 periculoium
1025 360 1329 406 iudicialium
1359 362 1500 420 tuba,
1542 360 1594 406 in

192 429 377 477 crimen
395 397 548 477 laesae
569 428 822 476 maiestatis
845 428 1165 476 arcessebatm
1186 427 1452 489 Uificinus‚
1481 427 1598 475 adu-

191 495 398 546 lescente
420 498 571 562 magis
595 498 843 562 magisque
871 511 1040 545 contla
1063 498 1164 544 eius
1196 497 1394 545 salutem
1423 467 1597 553 livore,
1651 522 1655 531 =

155 568 421 613 zomnibus
444 567 586 613 bonis
611 566 798 613 infesto.
870 566 977 615 Hac
1001 566 1130 614 enim
1162 565 1475 630 superabatur
1506 567 1598 613 dit·-

189 636 434 697 ficultate,
470 635 606 699 quod
625 634 1050 702 ad'liiscipiendas
1083 634 1385 683 defensiones
1420 652 1596 701 aequas

190 718 238 750 et
262 705 537 768 probabiles
558 705 873 768 Imperatoris
901 723 1038 752 aures
1074 704 1320 767 occlusae,
1370 707 1600 768 patebant

187 771 388 820 susurris
440 772 772 821 inlidiantium'
820 773 1152 822 clandestinis:
1201 775 1287 838 qui
1328 773 1598 823 Constantii

188 843 388 890 nomine.
426 861 512 906 per
542 842 760 890 Orientis
786 857 966 890 tractus
1001 862 1169 890 omnes
1202 844 1416 899 abolito,
1466 855 1597 888 ante-

189 910 376 958 dictum
403 912 579 959 ducem
601 911 736 958 domi
758 913 975 977 forisque
1010 911 1298 972 defiderari,
1343 910 1598 959 unformi-

153 978 418 1026 Sdolosum
442 980 657 1027 Perficae
681 982 812 1043 genti
840 982 1106 1045 fingebant.
1191 980 1291 1028 Sed
1319 996 1489 1028 contra
1522 986 1597 1026 ac-'

185 1049 399 1096 cidentia
431 1050 505 1097 vir
536 1050 870 1113 magnanimus
909 1050 1064 1098 stabat
1103 1049 1400 1111 immobilis,
1454 1047 1594 1096 nc-se

183 1118 449 1180 proiiceret
478 1119 741 1179 abiectiUS,
796 1134 997 1181 cavens,
1044 1137 1218 1183 parum
1245 1132 1353 1165 tuto
1382 1119 1497 1166 loco
1526 1118 1598 1164 iu-

184 1187 463 1233 nocentiam
495 1188 616 1245 stare
657 1187 955 1235 medullitus-
980 1205 1204 1252 gemens:
1257 1186 1455 1251 hocque
1492 1203 1594 1234 uno

184 1254 388 1314 tristior,
436 1255 573 1319 quod
602 1257 743 1301 amici
778 1270 887 1302 ante
907 1256 1030 1302 haec
1052 1257 1331 1320 frequentes
1353 1256 1415 1302 ad
1437 1255 1598 1320 potio-

184 1341 259 1369 res
278 1322 604 1382 desciverant,
640 1337 695 1370 ut
718 1323 781 1370 ad
802 1323 1118 1399 succefl'ores,
1149 1325 1427 1372 officiorum
1457 1341 1596 1371 more

149 1390 443 1456 (molimine,
504 1391 661 1439 lolent
706 1393 909 1438 transiie
965 1392 1183 1439 lictores.
1269 1393 1597 1457 Impugnabat

184 1475 327 1507 auten
329 1480 347 1507 1
368 1480 479 1508 eum
500 1479 587 1526 pei
603 1463 746 1508 fictae
769 1461 1081 1526 benignitatis
1102 1460 1356 1508 illecebras
1387 1463 1594 1525 collega,

185 1544 233 1576 et
254 1548 324 1577 vu
330 1549 411 1576 um
434 1532 613 1577 foitem
636 1498 914 1593 ριομειὶῑιιῃῦ
919 1530 1060 1593 saepe
1085 1528 1336 1595 adpellans
1365 1531 1593 1590 Arbetio,

185 1597 248 1644 ad
279 1597 593 1645 innectendas
635 1599 802 1644 letales
841 1598 1036 1644 infidias
1074 1598 1200 1646 vitae
1239 1599 1448 1664 limplici
1488 1617 1596 1665 per-

184 1684 330 1730 quam
353 1667 555 1725 callens,
593 1680 640 1712 et
662 1684 716 1712 ea
738 1667 1015 1729 tempestate
1035 1666 1243 1713 nimium
1264 1682 1452 1731 potens.
1531 1667 1596 1714 Ut

185 1735 316 1781 enim
336 1733 674 1781 subterraneus
692 1733 886 1799 serpens
912 1733 1132 1782 foramen
1152 1735 1400 1783 sublidens
1435 1737 1596 1783 occul-

183 1817 314 1863 tum,
354 1802 546 1849 adsultu
575 1801 735 1850 subito
769 1803 979 1867 lingulos
1011 1805 1293 1852 transitores
1332 1803 1594 1852 observans

183 1871 393 1919 inceffit:
435 1873 474 1936 ²)
505 1872 571 1918 ita
604 1872 684 1919 ille
715 1872 775 1919 ab
807 1872 931 1919 imae
962 1872 1102 1920 sortis
1131 1873 1352 1938 gregario
1385 1873 1446 1920 ad
1467 1873 1594 1920 sum·

184 1960 321 1988 mum
356 1955 547 1987 evectus
578 1940 778 1988 militiae
810 1959 1011 2002 munus,
1044 1959 1133 1988 nec
1152 1942 1305 1988 laesus
1325 1942 1591 2008 aliquando

184 2028 275 2057 uec
297 2009 555 2069 lacellitus,
593 2010 876 2073 inexplebili
907 2009 1119 2074 quodam
1150 2010 1381 2058 laedendi
1412 2029 1592 2076 piopo-

149 2077 275 2126 [illio
299 2078 644 2125 conscientiam
665 2078 699 2142 ³)
729 2079 993 2142 polluebat.
1079 2079 1236 2143 Igitur
1268 2080 1433 2144 paucis
1464 2097 1591 2127 aica-

186 2165 362 2195 110111111
381 2146 635 2211 piaefectis
658 2148 892 2206 consciis,
925 2148 1130 2196 latenter
1152 2167 1265 2195 cum
1285 2150 1610 2213 Imperat-ore

183 2220 223 2278 ⁴)
257 2215 540 2263 sententiam
572 2231 772 2280 rogante
799 2217 851 2263 id
879 2184 1093 2277 l'ederat,
1133 2231 1186 2263 ut
1216 2232 1361 2264 nocte
1389 2232 1592 2265 ventura

182 2285 359 2348 pr‘ocul
393 2304 416 2331 a
450 2282 714 2348 conspectu
745 2286 1030 2332 militarium
1059 2301 1222 2349 raptus
1251 2286 1500 2333 Urlicinus
1520 2287 1591 2333 in-

185 2353 440 2401 demnatus
461 2352 791 2414 occideretur,
830 2369 884 2401 ut
912 2354 1162 2418 quondam
1191 2354 1440 2402 Domitius
1473 2357 1592 2402 Cor-

186 2423 305 2469 bulo
332 2421 511 2469 dicitur
534 2422 694 2469 caesus
716 2422 766 2468 in
788 2423 1065 2470 colluvione
1086 2423 1168 2470 illa
1197 2424 1466 2472 Neroniani
1492 2423 1590 2470 sae-

150 2489 309 2552 chli,
346 2490 708 2556 provinciarum
728 2491 855 2539 fidus
883 2490 1108 2540 defensor
1131 2507 1178 2540 et
1199 2505 1382 2540 cautus.
1465 2494 1587 2557 Qui·

188 2623 205 2630 ι

235 2696 269 2738 1)
296 2696 362 2729 Ms.
389 2697 660 2739 11ςι’·111(1;111(11111
715 2698 757 2742 2)
786 2698 831 2731 ita
860 2697 920 2732 ille
949 2697 992 2731 ad
1025 2697 1274 2733 diamaesortes
1303 2698 1408 2733 etiam
1435 2700 1582 2734 nz'iitiae

188 2753 330 2791 ruinius.
366 2743 433 2776 Ml.
494 2748 529 2787 73)
563 2747 613 2778 al.
653 2743 848 2791 pollmbat.
879 2744 958 2789 Cog
942 2745 1041 2778 itur.
1091 2748 1129 2789 4)
1159 2745 1366 2782 lententiaxu
1395 2773 1401 2780 .
1431 2772 1439 2781 .
1467 2772 1474 2780 .
1547 2746 1582 2779 id

194 2787 341 2821 [odeum.
371 2799 418 2821 111.
472 2793 521 2823 tl.
551 2790 642 2826 lexzt
641 2792 757 2825 minu
787 2796 897 2838 rtct'eg
897 2803 955 2824 ⁴re
979 2790 1144 2826 Sederat.
