1727 3144
488 172 561 205 ru
587 172 615 204 L
639 172 658 205 1
681 173 715 209 3,.
734 173 765 204 Ν
789 172 823 204 n
843 174 882 203 5.
955 159 1072 207 565.
1375 166 1489 227 ..357

80 300 186 335 tum
221 302 337 334 vero
357 283 469 332 solis
487 282 754 349 suspiciunt
773 282 1058 345 Rabannae,
1087 298 1135 332 et
1163 285 1406 351 Asmirae,
1439 306 1487 339 et

24 350 28 352 ’
76 353 344 403 Effedones
357 355 576 405 omnium
589 351 957 418 splendidiffimi
970 371 980 400 :
995 352 1255 420 quibus³⁶>
1276 358 1483 421 Athago-

73 442 160 472 rae
189 425 249 471 ab
275 422 576 471 occidentali
608 436 746 486 parte
783 421 1074 484 cohaerent,
1124 436 1171 470 et
1202 424 1486 489 ²⁷)Aspaca-

71 510 186 540 sae:
216 493 363 544 Betae
389 510 504 539 vero
529 491 716 538 australi
747 489 1039 541 celfitudine.
1059 493 1305 540 montium
1334 493 1485 559 28)111-

78 562 261 609 clinati.
349 561 568 609 Urbibus
602 561 718 608 licet
746 578 845 608 non
874 561 1067 621 multis,
1105 562 1291 625 magnis
1321 577 1485 610 tamen

76 631 386 687 celebrantur
406 644 453 677 et
474 629 746 703 opulentis:
775 628 902 677 inter
928 637 1045 694 quas
1069 631 1304 679 maximae
1327 630 1486 680 Asmi-

77 717 154 761 ra,
180 715 241 747 et
267 697 504 760 EII'edon,
545 711 609 749 et
621 697 882 760 Asparata,
924 711 971 745 et
998 700 1143 756 Seia,
1174 700 1368 748 nitidae
1375 700 1486 749 sunt

78 782 126 815 et
164 768 445 817 notiffimae.
525 765 699 828 Agunt
733 778 896 816 autem
935 766 1025 831 ipsi
1064 769 1274 845 quietius
1321 769 1463 829 Seres
1469 780 1559 838 ,67

77 854 326 887 almorum
371 833 561 897 semper
600 848 649 881 et
685 834 988 898 pioelioium
1008 850 1276 906 expertes.
1330 853 1504 904 utque

76 904 362 954 hominibus
385 902 561 951 sedatis
582 916 630 950 et
653 901 857 966 placidis
889 898 1044 951 otium
1073 906 1154 952 elt
1166 907 1482 985 voluptabile,

70 975 209 1027 nulli
216 974 540 1025 finitimorum
569 971 785 1027 molesti.
841 972 977 1020 Caeli-
993 973 1135 1037 apud
1149 992 1232 1023 eos
1266 976 1482 1027 incunda

70 1041 377 1108 salubrisque
395 1041 689 1106 temperies,
701 1039 834 1089 a'eris
857 1041 1006 1089 facies
1039 1043 1244 1105 munda,
1276 1045 1483 1095 lenium-

70 1130 186 1177 ,que
212 1120 503 1164 ,ventorum
498 1108 932 1165 commodiffimus
978 1112 1162 1158 flatus:-
1199 1124 1245 1160 et
1283 1114 1481 1166 abunde

68 1181 215 1233 ‚lilvae
236 1179 549 1231 sublucidaes.
577 1197 602 1225 a
624 1178 805 1244 quibus
834 1178 1066 1226 arborum
1085 1181 1209 1227 fetus
1243 1201 1481 1246 aquarum

75 1250 444 1315 adiperginibus
471 1242 683 1308 crebris,
733 1246 864 1298 velut
899 1247 1140 1312 quaedam
1176 1252 1353 1297 vellera
1379 1271 1482 1302 1110-

74 1320 276 1379 lientes,
309 1336 366 1365 ex
386 1315 614 1379 lanugine
645 1329 691 1364 et
716 1315 911 1380 liquoie
941 1316 1127 1364 miltam
1164 1316 1481 1370 subtilitatem

70 1387 390 1435 ,tenerrimam
412 1398 610 1449 pectunt
629 1392 938 1447 zssneutcsque
959 1386 1018 1450 ²⁹)
1039 1385 1333 1448 subtemina,
1365 1408 1483 1438 con..

76 1458 251 1503 ficiunt
280 1455 512 1514 sericum,
539 1452 613 1501 ad
648 1452 759 1504 usus
790 1454 993 1500 antchac
1030 1457 1296 1517 nobilium,
1352 1478 1482 1507 nunc

76 1526 224 1573 etiam
262 1524 546 1570 infimorum
581 1521 709 1570 fine
725 1523 823 1568 11113
864 1522 1156 1571 discretione
1208 1528 1484 1600 proficiens.

77 1595 175 1659 Ipfi
191 1606 383 1658 praeter
403 1591 520 1638 alios
537 1589 864 1654 frugaliffiini,
897 1592 1154 1653 pacatioiis
1175 1594 1300 1641 vitae
1329 1597 1483 1643 culto·
1499 1604 1557 1649 68

76 1681 181 1723 reS,
189 1662 420 1711 vitantes
442 1659 743 1722 reliquorum
764 1658 1042 1718 mortalium
1072 1675 1256 1708 coetus.
1339 1664 1485 1711 Cum-

80 1750 177 1797 que
205 1730 268 1778 ad
298 1727 570 1781 coemenda
594 1728 703 1790 fila,
747 1727 847 1778 vel
877 1726 1118 1792 quaedam
1155 1731 1246 1777 alia
1280 1732 1487 1781 fluvium

75 1799 360 1855 transierint
380 1797 632 1872 advenae,
646 1796 789 1848 nulla
820 1795 1119 1844 sermonum
1117 1798 1261 1859 vice,
1307 1819 1505 1878 propos

78 1869 284 1918 litatum
304 1885 464 1915 rerum
488 1866 644 1930 pretia
660 1865 774 1913 solis
796 1865 949 1913 oculis
970 1866 1309 1917 aestimantur:
1351 1883 1399 1917 et
1420 1871 1487 1918 ita

79 1938 194 1988 funt
227 1937 521 1984 abstinentes
534 1970 569 1996 ,
599 1948 667 1980 ut
687 1933 819 1998 apud
853 1933 901 1981 fe
928 1933 1184 1983 tradentes
1211 1937 1488 2002 gignentia,

82 2007 211 2060 nihil
231 2005 319 2070 ipsi
337 2016 622 2069 comparent
645 2003 702 2067 ³⁰)
717 2002 1068 2051 adventicium.

157 2076 233 2135 ³.¹)
256 2073 424 2123 Ariani
443 2074 611 2121 vivunt
631 2072 738 2137 post
761 2058 930 2133 Seras,
961 2073 1148 2121 Boreae
1181 2073 1382 2120 obnoxii
1408 2078 1490 2121 ssa·
1505 2084 1562 2143 69

83 2145 245 2193 tibus:
282 2155 492 2208 quorum
514 2157 663 2189 terias
694 2142 851 2190 amnis
880 2141 1114 2191 vehendis
1145 2141 1385 2189 sufficiens
1413 2161 1492 2189 na·

88 2214 255 2273 vibus,
293 2211 435 2258 Arias
458 2210 652 2276 perfluit
670 2211 895 2267 nomine,
929 2211 1110 2262 faciens
1141 2211 1335 2257 laci'uu
1325 2229 1492 2273 ingen-

87 2297 188 2330 tem
220 2280 394 2328 eodem
425 2279 666 2326 vocabulo
698 2279 991 2327 dictitatum
1062 2279 1304 2329 Abundat
1330 2294 1492 2326 autem

85 2351 212 2400 haec
243 2349 413 2398 eadem
436 2347 554 2398 Aria
582 2347 802 2411 oppidis:
842 2349 968 2396 inter
978 2364 1118 2413 ‚quae
1146 2346 1302 2395 lunt
1309 2347 1494 2409 ²)cele-
1552 2363 1556 2366 ’

86 2420 221 2481 buia,
268 2418 324 2484 ³³)
346 2417 517 2464 Bitaxa
546 2412 845 2474 Sarmatina,
890 2431 937 2464 et
966 2419 1192 2473 Seteia,
1208 2428 1254 2460 ct
1293 2414 1492 2476 ΝΙῙὼίε,

91 2503 140 2538 et
177 2486 500 2542 Alexandria,
548 2483 680 2531 unde
709 2486 952 2550 naviganti
995 2485 1068 2532 ad,
1098 2481 1325 2547 Caspium
1362 2502 1493 2533 maie

92 2557 354 2621 quingenta
371 2554 522 2605 stadia
547 2563 717 2605 mune}
721 2568 860 2605 antur
882 2567 929 2600 et
950 2553 1097 2600 'mille-

91 2655 155 2662 -v

140 2691 204 2743 26)
233 2689 300 2723 Ms.
331 2689 443 2742 Atliag
427 2702 541 2722 ‹¹.orae
592 2692 650 2733 27)
677 2685 744 2723 ΜΓ.
766 2684 833 2733 ΛΓ]
825 2685 978 2720 3111111111
998 2684 1043 2717 bc
1037 2694 1137 2718 tatae.
1196 2684 1257 2725 28)
1294 2680 1361 2715 ΞΜΓ.
1395 2680 1497 2715 incli-

95 2736 181 2770 niti.
246 2739 306 2782 29)
332 2737 382 2769 al.
413 2716 647 2781 lubtegmina,
703 2738 810 2776 30)‹1
875 2732 961 2765 31·113
955 2731 1118 2764 sentium.
1130 2733 1228 2776 31)
1253 2729 1317 2766 Μ1.
1346 2728 1495 2762 Afriani

97 2791 160 2828 52)
185 2781 237 2815 al.
269 2779 443 2818 celebres.
493 2783 556 2826 53)
579 2779 648 2817 ΜΕ.
678 2734 839 2815 Bitaxasl
849 2777 1036 2812 annotina.

769 2825 821 2871 Y
