1727 3144
276 182 706 230 coxsrANmns
742 180 816 213 ΕΤ
858 181 1173 213 nanetus.
1247 169 1361 228 559.
1440 171 1526 216 181

118 291 285 357 gulae,
314 306 370 340 ut
390 311 416 339 a
443 291 824 357 propugnaculis
858 291 1192 356 propellerent
1222 289 1524 342 defensores:

115 361 241 408 levia
271 376 430 409 tamen
463 380 548 426 per
569 360 848 408 *funditores
878 375 926 409 et
957 361 1224 425 sagittarios
1256 361 1442 425 proelia
1464 380 1523 409 ue

115 428 301 494 puncto
324 431 526 496 quidem
546 432 579 495 ³)
602 431 742 495 brevi
760 429 1018 478 eess'abant.
1088 429 1240 477 Erant
1264 429 1556 486 nobiscuma

116 497 241 546 duae
264 500 480 563 legiones
492 500 879 564 Magnentiacae,
912 515 1079 546 recens
1100 516 1124 546 e
1138 498 1310 545 Galliis
1330 496 1521 559 ductae,

113 581 168 614 ut
193 567 520 632 praediximus
537 606 549 629 ⁷
585 569 812 624 virorum·
827 569 1030 615 fortium
1054 582 1100 614 et
1127 567 1426 631 pernicium,
1459 567 1522 615 ad

113 640 154 701 θ)
187 637 426 701 planaiios
460 637 718 685 conflictus
749 651 1003 701 aptor:um
1056 635 1119 683 ad
1154 653 1231 684 eas
1262 654 1379 683 vero
1402 636 1522 683 helii

112 722 164 752 ai
169 717 264 765 tes,
312 706 490 770 quibus
523 706 897 770 stringebamur,
943 723 1044 752 non
1077 706 1229 773 niodo
1260 704 1520 759 inhabiles

107 771 195 831 ‚sed
213 787 382 821 contra
412 774 552 821 nimii
581 776 882 822 turbatores:
931 773 1043 853 qui,
1083 792 1196 821 eum
1227 791 1387 839 neque
1409 774 1480 839 ⁵)
1469 793 1520 822 tn

107 841 374 903 machinis,
410 861 569 906 neque
594 843 644 889 in
673 860 877 907 operum
903 843 1262 891 construetione
1295 843 1518 890 iuvarent

108 910 348 974 aliquem,
402 910 442 977 ⁶)
488 911 709 960 ltolidius
768 927 1076 978 erumpentes
1131 911 1516 977 dimicantesque

107 979 440 1042 fidentissime,
488 980 679 1029 minuto
711 1000 918 1030 numero
950 982 1283 1042 revertebant3
1326 994 1517 1028 tantum

104 1049 445 1114 proficientes,
482 1051 794 1116 quantumin
825 1051 1025 1116 publico
1057 1053 1131 1116 (ut
1161 1050 1315 1114 aiunt)
1353 1050 1515 1098 ineen-

108 1117 192 1165 dio
222 1137 346 1183 aqua
377 1119 521 1166 unius
553 1120 768 1168 hominis
800 1138 948 1169 manu
977 1119 1180 1184 adgesta.
1261 1119 1551 1167 Postrem03

107 1185 341 1234 obseratis
392 1188 545 1252 portis
566 1225 579 1245 ‚
642 1189 1055 1254 precantibusque
1093 1189 1303 1236 tribunis
1348 1186 1514 1251 egredi

102 1270 432 1317 nequeuntes,
463 1256 755 1305 frendebant
775 1272 829 1304 ut
849 1258 1042 1304 bestiae.
1126 1259 1311 1304 Verum
1339 1254 1514 1320 sequu-

106 1324 168 1371 tis
191 1322 364 1369 diebus
387 1325 600 1370 efficacia
628 1341 798 1374 eorum
827 1326 1057 1381 eminuit,
1097 1338 1151 1376 ut
1173 1324 1476 1371 docebimus.

202 1394 259 1439 In
285 1391 528 1440 summoto
560 1393 672 1449 loeo
716 1393 865 1456 partis
904 1393 1202 1440 meridianae
1240 1400 1546 1454 mur01·um‚4

106 1477 227 1524 quae
250 1459 495 1525 despectat
514 1460 716 1508 fluvium
742 1461 931 1524 Tigrim
948 1499 961 1519 ,
1000 1462 1142 1517 turris
1168 1461 1261 1508 suit·
1288 1462 1337 1507 in
1362 1460 1510 1508 subli-

103 1531 323 1577 mitatem
345 1529 598 1592 exsurgens
613 1566 625 1589 ,
652 1528 743 1578 snb
765 1528 858 1592 qua
879 1529 1082 1576 hiabant
1103 1547 1245 1594 rupes
1266 1529 1506 1592 abscissae,

103 1612 160 1645 ut
187 1597 367 1662 despici
387 1597 485 1645 line
505 1597 739 1660 vertigine
768 1596 1014 1644 horrenda
1041 1615 1139 1644 non
1168 1597 1382 1662 pollent:
1424 1618 1508 1644 uu-

105 1665 168 1714 de
200 1668 239 1732 ⁷)
271 1667 448 1714 cavatis
486 1665 759 1712 fornicibus
806 1664 1127 1712 subterraneis
1178 1684 1265 1730 per
1317 1666 1505 1714 radices

101 1735 283 1782 montis
303 1734 451 1782 scalae
471 1733 687 1799 adusque
716 1734 923 1781 civitatis
953 1733 1196 1781 ducebant
1226 1735 1503 1798 planiciem,

104 1821 204 1869 quo
238 1822 294 1851 ex
322 1804 475 1850 amnis
508 1804 645 1851 alveo
674 1802 985 1850 haurirentur
1015 1822 1169 1868 aquae
1206 1804 1402 1864 furtim,
1449 1818 1503 1850 ut

41 1931 43 1933 ι
98 1874 154 1919 in
202 1873 429 1919 omnibus
473 1890 560 1936 pei
605 1890 680 1919 eas
719 1873 940 1935 regiones
983 1873 1323 1934 munimentis,
1379 1890 1503 1937 quae

102 1941 393 2006 contingunt
412 1942 631 2002 flumina,
654 1941 882 2002 vidimus,
913 1941 950 2006 ⁸)
976 1942 1111 1989 fabre
1136 1943 1334 2006 politae.
1408 1942 1538 1990 Per'*
1511 1964 1535 1988 a

99 2009 187 2058 has
206 2011 428 2058 tenebras
453 2012 517 2058 ob
541 2010 734 2074 dirupta
764 2012 1032 2075 neglectas,
1078 2011 1328 2075 oppidano
1356 2025 1505 2058 trans-

100 2079 212 2142 fuga
233 2078 447 2143 quodam
470 2079 694 2126 ductante
710 2116 722 2138 ,
755 2080 839 2144 qui
864 2078 925 2126 ad
947 2079 1184 2128 diversam
1213 2094 1398 2145 partem
1423 2079 1503 2127 dc-

99 2145 328 2208 sciverat‚
360 2166 464 2194 Lxx.
486 2148 715 2212 sagittarii
738 2147 909 2196 Persae
931 2166 984 2196 ex
1007 2149 1194 2213 agmine
1218 2150 1368 2213 regio,
1404 2162 1502 2195 arte

102 2215 381 2280 fiduciaque
406 2217 718 2280 praestantes,
750 2215 939 2265 filentio
963 2218 1193 2266 summoti
1219 2218 1316 2265 loci
1338 2217 1503 2266 defens

102 2283 163 2345 fi,
191 2283 351 2333 subito
377 2285 550 2348 linguli
569 2286 608 2350 ⁹)
630 2286 788 2333 noctis
810 2286 976 2335 medio
1002 2286 1062 2333 ad
1082 2285 1498 2350 contignationem

101 2353 247 2400 turiis
266 2354 455 2401 textiam
478 2352 858 2402 adscenderunt:
885 2355 1054 2419 ibique
1078 2354 1331 2413 occultati,
1360 2371 1502 2400 manc

104 2420 218 2485 sago
252 2423 446 2487 punicei
477 2423 657 2470 eoloris
697 2423 850 2486 elato,
907 2423 1043 2488 quod
1088 2437 1189 2470 etat
1224 2421 1502 2468 subeundae

102 2489 342 2538 indicium
363 2509 585 2556 pugnae,
616 2509 729 2540 cum
748 2509 810 2540 ex
833 2493 966 2541 omui
996 2506 1130 2557 parte
1161 2490 1501 2539 ciicumveniri

152 2699 195 2738 ὃ)
225 2701 267 2735 τό
298 2700 403 2734 brevi
431 2699 473 2736 d·
466 2698 528 2735 est
553 2699 621 2734 ΜΓ
672 2701 716 2747 4)
743 2701 810 2736 Ns.
841 2700 1045 2754 palmarios
1099 2702 1135 2746 5)
1161 2705 1206 2740 τὸ
1233 2707 1272 2737 in
1296 2701 1364 2736 Ms.
1396 2698 1506 2735 deest.

106 2743 144 2786 ὅ)
183 2743 250 2783 Ms.
287 2744 425 2781 studiis.
495 2749 532 2794 7)
567 2745 798 2782 Ms.v:r1-ati.
870 2751 910 2796 3)
942 2748 1009 2782 Ml.
1051 2747 1160 2783 fabre.
1231 2752 1271 2796 9)
1304 2750 1353 2784 al.
1400 2758 1505 2782 nocte

108 2789 243 2824 media.
