1727 3144
183 127 283 186 576
384 139 654 175 ΑΜΜῙΑΝῙ
698 139 1094 174 mancatum
1147 138 1274 186 xxv,
1327 138 1371 171 2.
1407 122 1458 177 5.,

191 250 392 314 derunt,
429 269 492 299 ne
525 248 646 316 quid
680 264 796 298 tune
826 262 1119 298 tentaretur:
1168 267 1225 297 ex
1262 249 1594 315 Tarquitianis

190 319 355 380 libris,
399 320 447 368 in
480 320 624 367 titulo
661 322 743 367 De
769 319 910 367 rebus
948 320 1127 366 divinis
1162 317 1214 365 id
1259 320 1463 367 relatum
1503 319 1597 367 effe

192 389 537 437 monstrantes:
582 388 741 453 quod,
782 388 885 434 face
920 385 970 433 in
1007 388 1143 436 caelo
1180 384 1303 449 visa,
1353 388 1597 436 committi

154 471 182 515 3
197 459 464 523 proelium,
497 458 575 505 vel
595 457 747 504 limile
765 455 1035 524 quidquam
1059 475 1158 502 nou
1179 457 1445 520 oportebit.
1482 457 1595 514 Quo

196 529 344 574 etiam
371 527 424 573 id
453 527 579 575 inter
609 527 700 573 alia
729 527 879 572 multa
909 525 1189 589 spernente,
1234 527 1434 573 orabant
1455 527 1598 573 haru-

192 594 348 660 spices
365 594 532 643 saltem
554 595 742 661 aliquot
763 594 897 642 horis
920 594 1274 659 profectionem
1301 594 1511 642 diffeni:
1550 607 1600 643 et

193 683 257 714 ne
289 664 386 712 hoe
419 664 620 732 quidem
649 664 757 711 sunt
784 664 977 728 adepti,
1006 664 1309 728 Imperatore
1331 664 1466 712 omni
1487 664 1603 711 vati-

197 734 396 781 cinandi
439 735 659 781 leientiae
696 734 961 781 reluctante
977 732 1115 781 :fed
1162 748 1328 782 exorto
1369 734 1463 780 iam
1503 731 1600 795 die,

197 810 426 867 promota
445 803 555 849 sunt
574 803 735 850 eastra.

158 881 183 915 ἱ
294 873 390 919 ΙῙῙ.
442 872 571 920 Hinc
603 890 691 918 nos
725 870 954 934 egress'os7
999 870 1171 918 Persae
1213 889 1325 918 eum
1353 869 1492 933 saepe
1521 868 1603 916 ad-

199 941 320 987 flicti
345 941 566 1004 peditum
598 942 633 1002 ¹)
655 940 844 987 stabiles
878 958 1058 1003 pugnas
1091 941 1377 1000 horrereut5
1414 939 1604 987 structis

200 1008 384 1055 insidiis
425 1009 615 1054 occulte
660 1008 1047 1065 comitabantur,
1099 1009 1375 1056 altziul'ecus
1420 1010 1605 1055 viantes

201 1091 414 1124 catervas
436 1095 460 1122 a
482 1076 616 1122 cellis
637 1077 845 1123 collibus
870 1076 1193 1139 explorando:
1228 1092 1282 1123 ut
1302 1077 1355 1123 id
1368 1077 1609 1140 suspicans

199 1146 338 1193 miles
362 1145 579 1209 adusque
599 1141 891 1209 perpetuum
922 1145 1050 1192 diem
1076 1164 1163 1191 nec
1185 1147 1361 1192 vallum
1387 1148 1609 1208 erigeret,

159 1230 290 1263 aneo
315 1212 515 1260 sudibus
534 1212 581 1260 se
601 1215 942 1263 eommuui1et
1013 1214 1247 1278 Dumque
1273 1228 1500 1278 teguntui
1531 1217 1612 1261 fii-

200 1283 345 1330 miter
365 1284 515 1330 latera
531 1318 548 1340 ‚
584 1297 631 1331 et
654 1285 887 1330 exeleitus
909 1299 999 1346 pio
1030 1283 1258 1330 locoxum
1288 1282 1378 1330 litu
1407 1282 1612 1352 quadra-

204 1351 265 1398 tis
308 1351 536 1416 quidem,
588 1351 672 1400 sed
713 1353 831 1401 laxis
872 1351 1058 1399 incedit
1095 1352 1396 1428 agminibus,
1448 1346 1613 1398 invasa

202 1417 364 1470 subito
393 1435 525 1486 terga
556 1439 685 1486 pone
721 1420 883 1470 versus
911 1440 1043 1468 arma
1073 1421 1352 1485 cogentium
1393 1420 1615 1485 P1inc'1pi

202 1488 476 1551 indicatur,
510 1491 654 1538 etiam
675 1504 779 1536 tum
800 1490 977 1538 inermi
1000 1489 1061 1537 ad
1090 1489 1381 1556 speculanda
1400 1490 1618 1538 anterio·

163 1571 256 1614 gra
282 1558 544 1623 progrell'o.
620 1559 731 1616 Qua
751 1560 972 1616 concitus
991 1559 1160 1620 clade,
1199 1559 1379 1606 oblitus
1416 1559 1614 1621 loricae,

201 1624 340 1674 scuto
372 1628 500 1675 inter
530 1628 795 1675 tumultum
836 1627 1066 1693 adrepto,
1121 1646 1386 1692 properans
1429 1628 1615 1674 ultimis

204 1694 331 1742 ferre
356 1695 626 1760 suppetias,
662 1712 915 1744 revocatur
948 1698 1044 1744 alio
1081 1698 1122 1762 ²)
1147 1711 1307 1757 metu,
1355 1696 1440 1761 qui
1472 1695 1618 1744 etiam

209 1765 563 1827 antelignanos‚
607 1765 738 1813 uude
769 1766 1069 1826 diseefferat,
1110 1766 1242 1830 paria
1276 1765 1466 1830 perpeti
1498 1783 1618 1812 uun-

169 1831 374 1890 Atiabat.
448 1833 587 1890 Quae
611 1834 729 1881 dum
757 1834 856 1882 fine
883 1835 1105 1899 respectu
1131 1834 1336 1899 periculi
1357 1833 1430 1880 sui
1458 1832 1621 1882 redin-

212 1913 396 1964 tegrare
421 1901 634 1962 festinat,
679 1921 735 1949 ex
769 1904 860 1950 alia
891 1917 1026 1966 parte
1057 1903 1483 1966 cataphractorum
1507 1905 1620 1949 Par-

211 1968 372 2018 thicus
393 1970 567 2033 globus
588 1971 830 2017 centurias
851 1971 1072 2017 adoritur
1096 1970 1301 2018 medias:
1344 1988 1398 2017 ac
1427 1970 1616 2019 finistm

212 2055 368 2086 cornu
387 2039 620 2085 inclinato
646 2038 820 2086 aeriter
838 2037 1140 2102 superfusus,
1180 2039 1416 2086 faetorem
1444 2039 1619 2086 strido-

212 2124 415 2171 remque
446 2106 816 2170 elephantorum
843 2107 1153 2170 impatienter
1180 2107 1498 2155 tolerantibus
1533 2127 1622 2155 110⁴

213 2175 345 2236 stris,
389 2175 546 2222 contis
581 2189 629 2222 et
660 2176 991 2239 multiplicatis
1023 2174 1275 2223 missilibus
1312 2176 1618 2224 decernebat.

177 2245 403 2294 5Verum
431 2243 660 2307 Principe
699 2244 932 2301 volitante
960 2244 1096 2301 ‚inter
1139 2245 1295 2308 prima
1336 2244 1620 2296 discrimina

215 2314 546 2377 proeliorum,
598 2312 799 2361 exsilivit
835 2313 993 2361 nostra
1028 2312 1321 2360 succinctior
1363 2329 1618 2376 armatura,

218 2381 594 2446 aversorumque
636 2381 887 2430 Persarum
931 2396 978 2429 et
1021 2383 1290 2429 belluarum
1340 2380 1620 2445 suffragines

180 2450 513 2501 Geoneidebat
543 2465 590 2497 et
617 2448 772 2498 dorsa.
855 2452 992 2507 Quos
1020 2469 1132 2498 euin
1169 2451 1384 2498 Iulianus
1415 2451 1621 2499 cavendi

218 2519 479 2567 immemor
530 2518 779 2567 diffluxiss'e
826 2518 1071 2582 trepidos7
1117 2519 1253 2567 elatis
1301 2519 1618 2569 vociferando

218 2590 442 2635 manibus
477 2603 640 2654 aperte
677 2587 1030 2653 demonstrans,
1074 2591 1269 2653 irasque
1311 2587 1620 2654 sequentium

268 2754 303 2799 1)
329 2752 397 2790 ΜΓ.
422 2751 565 2788 stabiles
594 2765 746 2802 pugnas.
797 2754 834 2798 2)
858 2753 910 2789 al.
938 2762 1051 2788 motu.
