1727 3144
525 172 915 205 luenti-tos.
991 159 1107 206 565.
1396 162 1495 208 585

22 340 26 343 7
75 288 213 336 litem
243 284 361 333 feris
393 283 671 349 adpofitum
702 283 955 348 gentibuS‚
1001 295 1056 331 ut
1092 280 1279 332 dudum
1315 285 1387 332 *est
1424 285 1497 334 di-

77 370 240 418 ctum3
285 355 666 420 alloquutusque
701 367 945 402 tumentes
986 365 1224 415 armatos,
1273 352 1497 403 discess'u-

77 444 186 474 rum
216 423 278 472 ad
307 424 458 472 vitam
490 424 759 472 minaretur
801 422 1070 488 privatam,
1116 422 1168 469 ni
1208 422 1496 471 tumultuari

77 493 375 544 defisterent.
448 493 680 558 Denique
711 493 763 540 id
788 509 880 558 pro
906 491 1075 540 multis
1104 490 1236 540 uoss'e
1270 491 1495 539 sufficiet:
1517 497 1568 540 13

78 564 391 612 exhortatum
415 580 528 611 eum
548 561 633 610 [im
641 563 757 627 plici
781 562 1021 611 concione
1055 561 1263 610 militem
1292 559 1499 608 Gallica-

78 652 195 680 num
210 671 222 693 ‚
258 633 446 696 pruinis
470 632 727 680 adsuetum
743 646 791 680 et
808 630 1009 693 Rheno,
1044 631 1310 696 peragratis
1331 628 1498 693 spatiis

76 702 336 766 regionum
359 702 562 748 extentis
577 737 589 760 ‚
626 719 713 764 per
733 714 982 765 tepentem
1003 699 1244 766 Affyriam
1275 699 1500 764 adusque

74 771 289 819 confinia
312 769 498 816 traxiss'e
518 768 801 815 Medorum.

177 837 405 886 Felicitas
428 837 496 883 ita
522 837 754 898 eminuit,
790 854 844 887 ut
862 833 975 900 ipfis
998 835 1372 900 quodammodo
1396 854 1499 884 cer·
1517 846 1571 899 14

74 907 265 955 vicibus
311 906 542 953 fortunae
598 902 904 971 aliquamdiu
942 905 1102 953 bonae
1141 905 1498 969 gubernatricis

76 991 298 1036 evectus,
329 974 602 1030 victoriofis
627 975 846 1025 curfibus
869 973 1179 1022 difficultates
1205 975 1497 1040 superstaret

73 1044 349 1093 immensas,
421 1043 485 1091 Et
507 1044 761 1121 postquam
783 1062 840 1092 ex
860 1041 1065 1091 occidua
1076 1043 1237 1132 plaga
1260 1043 1504 1112 digress'us

75 1115 168 1163 est:
213 1112 381 1179 quoad
417 1114 512 1159 fuit
543 1113 594 1159 in
616 1113 782 1175 ten-is,
827 1112 1056 1178 quieve1e
1076 1113 1371 1175 Ἳιιεηὶοηεε
1394 1130 1495 1159 om-

73 1201 161 1231 nes
213 1182 522 1244 immobiles,
577 1200 632 1228 ac
676 1180 714 1228 fi
756 1180 974 1247 quodam
1021 1170 1240 1230 caduceo
1279 1181 1494 1229 leniente

73 1252 339 1301 mundana.

183 1318 516 1368 Liberalitatis
540 1319 642 1366 eius
668 1317 939 1366 testimonia
965 1319 1175 1383 plurima
1204 1317 1313 1366 sunt
1344 1332 1391 1366 et
1417 1335 1498 1367 ve·
1519 1328 1571 1376 15

76 1390 280 1439 riffima:
323 1390 452 1436 inter
484 1406 608 1452 quac
636 1386 821 1434 indicta
856 1387 966 1435 sunt
1002 1389 1302 1435 tributorum
1330 1387 1502 1436 admo·

81 1459 199 1506 dum
229 1459 381 1519 levia,
433 1457 748 1505 coronarium
793 1456 1066 1519 indultum,
1107 1455 1296 1505 remiffa
1330 1456 1499 1505 debita

77 1529 229 1576 multa
251 1526 572 1575 diutuinitate
591 1524 832 1589 congesta,
862 1540 1063 1590 aequata
1083 1525 1181 1573 fise
1157 1545 1188 1572 1
1208 1526 1284 1572 iu1
1288 1526 1364 1588 gia
1383 1543 1499 1572 cum

77 1597 307 1663 privatis,
339 1595 593 1658 vectigalia
613 1593 897 1641 civitatibus
919 1594 1135 1641 restituta
1165 1592 1278 1642 cum
1311 1594 1498 1655 fundis,

78 1666 264 1731 absque
292 1666 396 1727 his,
439 1680 564 1729 quos
594 1662 767 1710 velut
757 1680 862 1710 iure
893 1661 1160 1710 vendidere
1206 1664 1497 1727 plaeteritae

76 1735 365 1800 potestates:
416 1731 653 1799 quodque
685 1750 993 1809 numquam
980 1731 1230 1796 augendae
1263 1731 1502 1797 pecuniae

76 1802 287 1868 cupidus
317 1804 439 1864 fuit,
469 1820 628 1866 quam
664 1801 850 1848 cautius
882 1801 1014 1866 apud
1047 1801 1277 1849 dominos
1313 1798 1496 1849 setvari

79 1872 404 1933 existimabat,
436 1870 489 1918 id
512 1870 770 1935 aliquoties
803 1870 1117 1935 praedicans,
1153 1873 1500 1919 Alexandrum

80 1945 354 2004 Magnum,
413 1942 495 1987 ubi
558 1941 759 1986 haberet
819 1942 1070 2005 thesauros
1119 1943 1497 2004 interrogatum,

77 2015 217 2074 apud
232 2013 418 2058 amicos
440 2011 654 2057 benivole
672 2012 901 2072 respondi
934 2012 977 2056 ὲ.

178 2080 390 2144 Digestis
423 2078 595 2140 bonis,
638 2096 759 2143 quae
792 2077 914 2127 scire
945 2079 1224 2144 potuimus,
1272 2095 1402 2125 nunc
1431 2074 1493 2122 ad
1519 2077 1572 2122 16

84 2148 372 2214 explicanda
396 2148 500 2196 eius
524 2148 639 2196 vitia
662 2148 939 2210 veniamus,
969 2150 1087 2196 licet
1112 2147 1242 2195 dicta
1268 2147 1361 2192 lint
1392 2162 1496 2192 car-

79 2219 220 2282 ptim.
309 2216 368 2282 ¹²)
400 2215 623 2264 Levioris
662 2217 874 2281 ingenii:
927 2236 1098 2267 verum
1130 2217 1228 2264 hoc
1271 2214 1492 2260 instituto

80 2286 342 2334 iectiffimo
371 2285 696 2362 temperabat,
737 2287 984 2335 emendari
1017 2287 1089 2346 se,
1133 2304 1246 2332 eum
1277 2282 1496 2329 deviaret

80 2375 114 2403 a
126 2355 266 2420 fruge
288 2355 445 2415 bona,
483 2355 782 2418 permittens.
864 2357 1084 2421 Linguae
1113 2352 1303 2401 sufioris
1335 2365 1384 2398 ct
1414 2349 1495 2397 ad·
1518 2368 1571 2412 17

83 2424 291 2472 modum
322 2442 432 2472 raro
460 2423 664 2471 [ilentisz
694 2425 1057 2502 praesagiorum
1086 2421 1398 2471 sciscitationi
1425 2419 1497 2465 ni-

83 2495 210 2542 miae
231 2492 451 2555 deditus,
482 2507 536 2540 ut
562 2495 877 2559 aequiperare
898 2494 1144 2544 videretur
1166 2492 1216 2538 in
1236 2490 1328 2539 hac
1354 2503 1491 2558 parte

84 2563 359 2628 principem
381 2561 712 2613 Hadrianum:
751 2563 1104 2632 supeustitiosus
1135 2564 1314 2628 magis,
1349 2580 1496 2629 quam

84 2632 332 2682 sacrorum
355 2633 602 2698 legitimus
623 2633 931 2700 observator,
961 2636 1238 2683 innumeras
1264 2633 1362 2683 fine
1388 2651 1494 2698 par-

135 2801 190 2845 u)
217 2801 262 2836 τό
290 2813 416 2834 omnes
437 2800 563 2850 Steph.
594 2798 702 2836 deest.
774 2802 837 2848 ια)
866 2801 915 2836 al.
946 2800 1108 2835 lentioris
1136 2800 1210 2848 ing.
