1727 3144
497 162 948 218 coNs'rAN'riiJS.
1020 171 1136 217 555.
1456 170 1519 215 55

108 293 345 340 citarunt:
376 292 452 341 vel
473 307 667 355 contra,
701 292 754 341 se*
775 294 905 360 paria
928 291 986 359 ¹⁶)
1014 292 1356 359 promittente,
1393 292 1515 342 Mal-

34 362 36 365 ’
102 361 368 409 lobaudem
400 363 572 410 orabat
599 380 861 428 properare
904 363 1144 428 permitti,
1191 362 1338 423 haec,
1388 380 1509 426 quae

102 429 204 493 ipse
227 431 476 496 pollicitus
499 432 591 494 est,
627 432 960 497 impleturum.
1044 431 1332 480 Testabatur
1362 430 1546 491 enim77

102 498 156 545 id
182 499 230 547 se
265 500 595 564 proculdubio
627 500 774 564 scire,
835 501 972 566 quod
1011 501 1048 548 fi
1084 501 1192 567 quis
1234 498 1509 548 mitteretur

100 583 352 631 externus,
388 568 560 634 suopte
588 570 784 635 ingenio
818 571 1068 631 Silvanus,
1116 570 1262 617 etiam
1289 569 1419 616 nulla
1457 586 1508 616 re

98 652 401 703 perterrente
425 638 670 702 timidior,
707 638 974 704 composita
999 639 1126 687 forte
1150 639 1384 685 turbabit.

193 708 256 754 Et
280 726 576 772 quamquam
598 709 735 756 utilia
756 722 979 757 moneret
1001 723 1048 755 et
1069 707 1343 769 neeess'aria‚
1378 704 1542 755 ven-8

99 775 158 824 tis
177 791 340 823 tamen
357 777 652 840 loquebatur
677 777 922 826 incass'um.
1006 776 1233 842 Namque
1265 776 1510 824 Arbetio-

93 863 157 894 ne
179 859 377 893 auctore
392 881 404 905 ,
439 845 749 910 Apodemius
771 846 834 894 ad
855 865 966 895 eum
986 846 1264 894 vocandum
1282 864 1396 893 cum
1416 845 1508 892 lit-

82 915 210 962 'teris
238 914 473 976 mittitur,
514 915 742 963 inimicus
771 917 1018 964 bonorum
1053 916 1275 963 omnium
1305 913 1507 962 diutur*

91 1001 184 1036 nus
207 996 254 1031 et
277 983 456 1047 gravis:
490 984 576 1048 qui
602 986 658 1050 ¹⁷)
678 984 943 1033 incidentia
968 985 1105 1051 parvi
1136 983 1356 1049 pendens
1389 1001 1503 1030 cum

95 1052 296 1100 veniss‘et
315 1053 365 1098 in
389 1053 599 1115 Gallias,
638 1053 865 1102 diffidens
891 1073 917 1101 a
939 1053 1198 1116 mandatis,
1233 1071 1355 1119 quae
1377 1070 1502 1117 pro*

93 1120 329 1169 ficiscenti
358 1120 468 1169 sunt
498 1121 633 1184 data,
679 1142 769 1172 nec
795 1122 898 1172 viso
929 1123 1157 1185 Silvano,
1202 1141 1293 1170 nec
1325 1121 1502 1170 oblatis

87 1188 282 1254 scriptis
301 1204 356 1237 ut
377 1191 564 1239 veniret
587 1192 871 1254 admonito,
914 1192 1165 1241 remansit:
1217 1190 1503 1253 adscitoque

89 1259 341 1320 rationali,
381 1259 514 1323 quafi
536 1260 798 1326 proscripti
823 1261 1020 1325 iamque
1050 1254 1258 1308 necandi
1290 1257 1502 1321 magistri

88 1327 316 1393 peditum
345 1328 545 1375 clientes
580 1343 628 1376 et
651 1329 814 1376 servos
844 1329 1008 1375 hostili
1048 1344 1240 1374 tumore
1278 1327 1498 1374 vexabat.

89 1398 226 1446 Inter
251 1395 372 1442 haec
401 1409 563 1443 tamen
593 1396 712 1444 dum
740 1396 1009 1461 piaelentia
1045 1396 1230 1443 Silvani
1268 1395 1537 1460 speratu1,9

89 1480 139 1514 et
161 1462 468 1529 Apodemius
489 1465 652 1530 quieta
674 1480 841 1530 pertin
846 1466 955 1511 bat
988 1462 1262 1530 Dynamius
1278 1479 1332 1511 ut
1353 1483 1402 1511 ar
1407 1482 1503 1528 gu-

88 1548 257 1583 mento
290 1532 565 1580 validiore
554 1533 704 1598 impie
731 1534 1028 1580 Γῐιῑιοῑοιωῃ
1039 1521 1302 1580 ἨαάΓειοιοι
1330 1532 1500 1594 fidem,

90 1601 383 1667 compositas
404 1602 614 1659 litteias,
653 1602 730 1648 his
761 1601 1103 1661 concinentes,
1151 1619 1269 1664 quas
1297 1602 1502 1648 obtule-

89 1686 165 1719 rat
198 1669 410 1735 principi
441 1687 527 1734 per
557 1670 886 1736 praefectum,
932 1668 995 1716 ad
1024 1670 1280 1717 tribunum
1309 1668 1504 1716 miserat

87 1741 302 1789 fabricae
327 1739 663 1788 Cremonenlis
678 1777 690 1800 ,
718 1739 921 1787 nomine
944 1737 1132 1787 Silvani
1156 1752 1204 1786 et
1223 1737 1501 1798 Malarichi‚

88 1828 116 1858 a
145 1809 322 1874 quibus
352 1820 406 1854 ut
437 1826 727 1856 arcanorum
754 1806 979 1855 conscius
1011 1808 1306 1855 monebatur
1332 1825 1502 1872 parare

86 1891 516 1943 propereflcuncta.
598 1877 841 1934 Quicum
866 1875 990 1923 haec
1032 1875 1244 1941 legisset,
1292 1876 1565 1924 haerensm

88 1961 137 1995 et
168 1946 418 2011 ambigens
448 1945 558 2008 diu,
603 1946 840 2012 quidnam
872 1945 927 1992 id
956 1943 1069 1994 effet
1099 1947 1210 2011 (nec
1231 1945 1362 1993 enim
1388 1963 1499 1993 me·-

87 2016 317 2076 minerat‚
363 2014 525 2066 secum
554 2013 820 2080 aliquando
854 2013 999 2079 super
1032 2014 1231 2079 negotio
1266 2015 1371 2061 ullo
1412 2014 1500 2060 in—

89 2085 268 2132 teriore
303 2084 419 2145 hos,
467 2102 680 2148 quorum
707 2083 891 2131 litteras
913 2097 1190 2148 acceperat,
1225 2084 1494 2148 colloquu-

90 2154 188 2218 tos)
208 2151 429 2216 epistolas
451 2151 577 2216 ipsas
593 2170 681 2217 per
703 2152 922 2199 baiulum
937 2189 949 2212 ,
987 2153 1073 2217 qui
1096 2166 1336 2217 portarat,
1376 2153 1497 2197 iun-

80 2236 168 2283 Icto
187 2220 342 2269 milite
362 2219 424 2268 ad
446 2220 773 2269 Malarichum
793 2219 946 2282 milit,
981 2220 1237 2270 obsecrans
1259 2235 1315 2268 ut
1340 2220 1495 2268 doce-

90 2305 163 2338 ret
194 2303 387 2355 aperte,
442 2307 566 2354 quae
609 2290 783 2351 vellet,
830 2307 932 2337 non
975 2290 1044 2338 ita
1085 2291 1342 2356 perplexe:
1403 2305 1493 2336 nec

89 2359 219 2407 enim
247 2357 528 2406 intellexiss'e
556 2359 808 2420 firmabat,
848 2373 903 2406 ut
934 2358 1257 2423 subagrestem
1297 2371 1345 2405 et
1372 2356 1493 2403 fim—

86 2428 292 2492 plicem,
329 2426 450 2491 quid
488 2425 809 2491 fignificatum
848 2427 962 2476 ess'et
998 2427 1267 2475 obscurius.
1358 2426 1546 2473 Haccu

90 2495 387 2543 Malarichus
416 2494 579 2543 subito
614 2510 807 2558 nactus,
847 2497 993 2545 ctiam
1033 2512 1149 2545 tunc
1190 2495 1413 2563 squalens
1450 2508 1497 2541 ot

141 2701 205 2748 16)
241 2699 310 2735 ΜΓ.
352 2702 634 2756 promittentem.
700 2704 762 2747 17]
795 2703 862 2738 Ms.
899 2704 957 2738 int,-
941 2704 1064 2739 nilons
1092 2730 1100 2738 .
1126 2730 1135 2738 .
1165 2729 1173 2737 .
1204 2730 1212 2738 .
1254 2703 1329 2745 (hic
1362 2703 1500 2751 lacuna

97 2747 406 2829 ζθιέζῑῌέιέιεαε)
435 2762 473 2785 m
501 2748 644 2785 Galliis.
697 2750 822 2798 Sceplc.
861 2751 1053 2786 incidentis
1091 2776 1100 2785 .
1130 2777 1138 2785 .
1172 2777 1178 2783 .
1209 2775 1218 2783 .
1248 2762 1330 2785 cum
1357 2746 1504 2784 venisset
