1727 3144
467 203 865 237 ιυιιᾼΝυ-ε.
940 187 1055 233 561.
1367 187 1462 257 275

45 336 147 370 non
168 326 230 365 'ut
262 312 593 381 philosophus
623 312 928 379 indagandae
960 311 1177 361 veritatis
1209 312 1463 376 profess'or.

45 385 263 438 Laudari
299 385 430 433 enim
472 397 688 449 poterat,
735 382 771 430 fi
802 383 970 431 saltem
998 379 1282 430 moderatos
1308 399 1466 444 quos—
1485 402 1514 430 2

48 457 188 519 dam,
225 455 343 503 licet
367 471 578 519 paucos,
625 452 918 516 retinuiss'et‚
955 469 1252 516 morumque
1287 451 1467 513 probi-—

46 539 143 574 tate
174 537 472 589 compertos,
565 522 792 587 Namque
824 521 1081 570 fatendum
1112 520 1206 582 est,
1247 520 1466 584 pleram—

48 613 145 660 que
180 611 350 642 eorum
389 606 576 658 partem
614 593 847 640 vitiorum
891 592 1112 639 omnium
1153 587 1469 638 seminarium

45 664 89 729 ²)
114 662 305 712 effufius
326 662 514 722 aluisse,
549 662 617 709 ita
639 675 693 708 ut
717 660 1072 725 rempublicam
1096 659 1354 706 inficerent
1370 674 1467 703 cu-

44 732 337 798 piditatibus
366 730 558 795 pravis:
599 729 808 794 plusque
851 729 1110 794 exemplis,
1158 747 1306 793 quam
1340 743 1466 791 pec-

45 800 192 850 candi
219 800 416 848 licentia
443 799 694 846 laederent
731 798 927 845 multos.
999 797 1126 845 Pasti
1144 797 1274 844 enim
1301 814 1358 844 ex
1386 794 1463 842 his
1484 806 1513 852 5

47 868 252 935 quidam
278 868 578 932 templorum
611 866 808 932 spoliis,
853 881 900 916 et
930 865 1066 914 lucra
1090 885 1148 915 ex
1169 865 1305 914 omni
1330 863 1465 912 odo-

45 952 208 986 rantes
233 935 510 994 occasione,
545 938 605 984 ab
628 937 832 1001 egestate
855 936 1022 984 infima
1046 936 1107 983 ad
1137 935 1311 983 saltum
1338 933 1465 981 sub-

44 1007 132 1055 lati
166 1006 446 1055 divitiarum
476 1005 776 1071 ingentium,
824 1024 913 1054 nec
945 1005 1213 1070 largiendi,
1260 1022 1352 1055 nec
1377 1021 1464 1050 ra·—

44 1075 242 1142 piendi,
286 1093 377 1123 nec
410 1073 699 1124 absumendi
738 1089 938 1124 tenuere
982 1075 1198 1140 aliquem
1239 1073 1465 1130 modum,

0 1170 4 1177 ·
48 1146 205 1194 aliena
223 1144 454 1193 invadere
489 1144 677 1209 semper
708 1144 989 1194 adsuefacti.
1072 1143 1219 1190 Unde
1245 1141 1514 1201 fluxioris4

46 1215 172 1263 vitae
207 1215 347 1261 initia
386 1214 714 1278 pullularunt,
757 1229 806 1262 et
825 1212 1062 1279 periuria,
1100 1228 1148 1261 et
1167 1214 1329 1259 nullus
1354 1209 1464 1258 exi-—

46 1283 337 1332 stimationis
371 1282 644 1347 respectus,
702 1282 1002 1347 demensque
1043 1281 1269 1345 superbia
1311 1279 1464 1327 fidem

48 1351 184 1400 suam
216 1350 464 1415 probrofis
497 1352 772 1415 quaestibus
806 1353 1073 1415 polluebat.
1167 1350 1302 1398 Inter
1338 1350 1513 1413 quae5

49 1421 88 1486 ³)
110 1421 348 1485 ingluvies
368 1433 416 1467 et
442 1420 654 1483 gurgites
690 1438 883 1468 crevere
917 1419 1167 1484 praerupti
1199 1419 1467 1466 convivio-

49 1509 186 1550 rum,
224 1503 272 1537 et
295 1507 384 1553 pro
409 1488 743 1536 victorialibus
770 1491 990 1553 epulares
1015 1488 1283 1552 triumphi:
1318 1486 1467 1534 usus·—

52 1577 148 1624 que
182 1557 485 1606 abundantes
517 1554 658 1604 serici
688 1571 736 1604 et
767 1559 955 1604 textiles
980 1571 1149 1603 auctae
1185 1555 1292 1603 sunt
1322 1568 1468 1616 arteS,

52 1642 102 1675 et
130 1628 402 1675 culinarum
423 1624 678 1671 sollicitior
707 1644 847 1672 cura:
894 1638 941 1671 et
971 1623 1228 1671 ambitiosa
1261 1637 1467 1670 ornata-

52 1715 162 1745 rum
183 1696 445 1744 domorum
467 1692 700 1757 exquifita
721 1692 829 1739 sunt
850 1692 1000 1756 spatia
1018 1710 1028 1739 :
1072 1698 1286 1756 quorum
1317 1709 1467 1746 men-

52 1765 213 1814 suram
234 1763 339 1811 fiin
365 1762 491 1827 agris
526 1760 697 1809 consul
728 1762 961 1819 Quintius
989 1760 1291 1826 poffediss'et‚
1335 1759 1468 1808 ami-

51 1834 177 1883 serat
198 1833 342 1881 etiam
369 1832 472 1896 post
495 1830 784 1879 dictaturam
806 1831 1014 1895 gloriam
1045 1830 1359 1895 paupertatis.
1420 1858 1421 1861 =

159 1902 352 1959 Quibus
376 1915 474 1947 tam
499 1899 752 1948 maculofis
770 1900 1006 1948 aceeffere
1030 1900 1213 1964 flagitia
1239 1899 1468 1965 discipli-
1485 1897 1515 1942 6

0 2023 5 2031 ,
53 1989 141 2020 nae
164 1969 408 2018 castrensis
423 2008 441 2030 ,‚
465 1988 578 2016 cum
598 1970 733 2016 miles
753 1970 1017 2017 cantilenas
1038 1967 1354 2017 meditaretur
1377 1986 1468 2034 pro

53 2040 212 2089 iubilo
232 2042 272 2105 ⁴)
297 2039 573 2087 molliores:
606 2052 654 2086 et
673 2056 772 2086 non
790 2038 955 2095 saxum
986 2051 1114 2100 erat,
1158 2053 1214 2086 ut
1244 2039 1471 2101 antehac,

56 2123 241 2158 armato
266 2109 456 2169 cubile,
492 2106 576 2155 sed
599 2108 765 2172 pluma
786 2121 834 2155 et
852 2108 1032 2156 flexiles
1055 2107 1248 2169 lectuli,
1281 2122 1328 2155 et
1351 2126 1472 2171 gra-

55 2179 193 2226 viora
212 2177 383 2242 gladiis
408 2178 608 2240 pocula,
645 2177 760 2225 testa
784 2176 913 2224 enim
939 2179 973 2243 ⁵)
995 2177 1165 2225 bibere
1184 2177 1281 2224 iam
1304 2175 1472 2240 pude-

56 2247 172 2294 bat:
207 2260 254 2293 et
271 2246 631 2310 quaerebantur
655 2245 799 2294 aedes
819 2264 1149 2308 marmoreae,
1199 2263 1312 2292 cum
1343 2243 1472 2290 scri-

57 2329 198 2381 ptum
247 2313 305 2361 fit
353 2314 404 2362 in
466 2314 865 2379 antiquitatibus,
917 2316 1213 2380 Spartanum
1263 2313 1473 2360 militem

57 2384 330 2433 coercitum
351 2383 554 2440 acriter,
596 2384 734 2447 quod
767 2385 1047 2449 procinctus
1083 2398 1303 2446 tempore
1333 2380 1473 2428 ausus

59 2452 116 2500 fit
138 2451 296 2500 videri
319 2451 403 2498 sub
427 2465 573 2499 tecto.
645 2452 790 2502 Adeo
813 2468 975 2501 autem
994 2454 1130 2500 ferox
1152 2464 1254 2498 erat
1279 2451 1329 2496 in
1361 2450 1472 2498 suos
1492 2461 1526 2508 7

60 2520 156 2569 illis
197 2521 503 2586 temporibus
548 2520 687 2568 miles
725 2536 773 2570 et
815 2541 981 2586 rapax3
1036 2521 1238 2584 ignavus
1273 2535 1388 2567 vero
1422 2520 1477 2566 in

62 2589 223 2638 hostes
251 2604 300 2639 et
327 2590 529 2652 fractus,
569 2603 624 2636 ut
650 2608 735 2656 per
753 2591 1045 2639 ambitiones
1075 2589 1329 2652 otiumque
1357 2589 1476 2653 opi-

112 2762 149 2799 2)
173 2755 224 2789 al.
252 2752 370 2789 fufius.
427 2756 469 2803 ὅ)
493 2755 545 2789 al.
577 2754 724 2789 eluvies.
779 2757 823 2802 4)
853 2752 919 2788 ΜΓ.
948 2752 1127 2788 meliores.
1185 2757 1222 2801 5)
1245 2751 1313 2789 ΜΓ.
1343 2752 1473 2788 vivere.
