1727 3144
182 178 450 210 VALENT.
500 178 633 210 VAL.
678 179 749 209 ET
787 177 1083 209 GRATIAN.
1161 166 1275 213 568.
1402 172 1498 232 467

79 288 292 337 viderint
325 287 675 353 praetermiffa·
718 288 952 336 hactenus
982 288 1260 337 faciendum
1282 293 1391 338 ests'
1369 316 1380 338 t
1388 295 1493 355 atis,

80 357 219 423 quod
243 377 339 404 non
362 359 526 405 omnia
546 371 742 405 nariatu
760 357 871 404 sunt
892 357 1063 420 digna,
1101 376 1224 423 quae
1250 378 1335 423 per
1359 362 1443 426 [qu
1448 383 1494 410 ι-

66 425 202 473 lidas
225 428 457 475 transieie
482 426 738 492 pei-'zlonas
775 443 892 487 nec,
925 425 961 472 fi
981 427 1088 474 fieti
1109 427 1267 474 fuiffet
1290 431 1490 493 neceffe‚

76 494 418 543 instructiones
451 497 528 544 vel
555 514 611 543 ex
640 494 753 561 ipfis
784 495 1033 542 tabulariis
1066 495 1372 560 suppeteient
1406 518 1492 562 pu

75 563 245 625 blicis,
284 579 356 612 tot
375 566 644 613 calentibus
672 564 838 625 malis,
880 579 928 612 et
958 583 1088 612 novo
1111 567 1395 614 furore'line
1418 586 1489 614 re-

71 633 298 680 tinaculis
327 635 436 681 imis
466 633 652 681 summa
681 632 938 680 miscente:
984 652 1097 680 cum
1119 634 1354 682 iustitium
1377 635 1486 698 effe,

77 703 519 767 quodtimebatur,
553 717 651 748 non
675 700 915 747 iudicium
935 716 1100 764 aperte
1124 703 1378 752 constaret.

173 771 315 820 Tunc
355 772 598 833 Cethegus
637 768 827 816 senator
867 768 1099 816 vadulterii
1133 789 1241 817 reus
1278 773 1480 836 delatus,
1505 783 1554 824 16

65 840 256 886 cervice
280 839 423 902 periit
445 836 657 898 abl'cilsa,
693 850 741 883 et
752 836 1160 902 Alypiusnobilis
1183 839 1480 906 adulescens,

68 910 132 954 ob
152 908 308 955 levem
331 909 566 972 relegatus
589 923 821 966 errorem,
848 907 1029 971 aliique
1051 908 1259 956 humiles
1281 912 1480 974 publica

64 991 223 1024 morte
254 977 626 1040 oppetiverunt:
683 974 731 1021 in
762 993 973 1039 quorum
1002 975 1206 1040 miseriis
1243 980 1371 1026 velut
1405 981 1477 1028 sui

65 1046 272 1110 quisque
295 1045 588 1093 discriminis
612 1061 814 1091 cernens
836 1044 1097 1107 imaginem
1112 1082 1124 1106 7
1165 1059 1404 1095 tortorem
1426 1063 1475 1097 et

61 1115 253 1163 vincula
273 1113 544 1160 somniabat
561 1127 608 1160 et
629 1110 894 1160 diversoiia
917 1114 1088 1159 tenebi
1091 1132 1245 1161 arum.

165 1182 353 1230 Eodem
380 1198 615 1246 tempoie
624 1181 769 1228 etiam
789 1181 1006 1228 Ηεωεεῐίἰ
1030 1184 1301 1245 praeclaiae
1332 1184 1470 1232 indo·
1491 1209 1543 1252 ¹7

62 1251 121 1298 lis
152 1253 241 1298 viri
272 1254 522 1315 negotium
553 1251 619 1299 est
654 1237 932 1297 actitatum:
986 1252 1123 1298 cuius
1167 1252 1297 1299 hunc
1333 1253 1469 1302 fuisse

61 1321 287 1367 novimus
315 1335 517 1368 textum.
601 1321 724 1367 Cum
754 1319 965 1366 Afiicant
1001 1338 1088 1383 pro
1119 1321 1313 1368 consule
1339 1341 1471 1385 rege-

60 1404 159 1450 ret,
207 1390 662 1453 Carthaginenfibus
694 1387 848 1435 victus
871 1389 1035 1451 inopia
1059 1390 1153 1436 iam
1175 1390 1371 1450 lall'atis,
1414 1409 1470 1438 ex

62 1457 252 1506 horreis
295 1460 516 1506 Romano
549 1457 733 1523 populo
783 1457 1027 1503 destinatis
1056 1459 1352 1505 fulmentum
1389 1459 1470 1507 de-

63 1526 161 1574 dit:
200 1529 462 1591 panlloque
488 1529 663 1592 postea,
693 1544 805 1572 cum
835 1526 1126 1588 pimeniffet
1153 1528 1365 1595 [egetum
1389 1547 1468 1575 co-

62 1596 168 1660 pia,
204 1596 359 1659 integi·
366 1615 389 1643 e
411 1596 508 1643 line
530 1597 627 1643 ulla
648 1594 850 1641 testituit
872 1612 1016 1640 mota.
1100 1596 1312 1656 Vestini,
1351 1615 1470 1662 quo-
1488 1611 1538 1653 18

60 1667 193 1712 niam
230 1666 366 1711 denis
399 1665 576 1711 modiis
609 1663 802 1727 lingulis
835 1661 1001 1710 lolidis
1033 1663 1364 1727 indigentibus
1392 1683 1470 1713 ve·

59 1733 332 1794 numdatis,
371 1748 551 1781 emerat
572 1734 672 1798 ipse
692 1746 735 1779 ti
739 1749 927 1791 itenos,
959 1733 1015 1796 ¹²)
1043 1734 1168 1779 inter
1176 1735 1316 1797 pietii
1336 1752 1471 1781 com-

60 1802 298 1867 pendium
354 1803 414 1848 ad
457 1801 698 1866 Principis
738 1801 974 1847 aerarium
1015 1800 1154 1847 milit.
1245 1802 1468 1867 Ideoque

60 1871 430 1920 Valentinianus
453 1889 539 1935 per
560 1869 964 1917 nundinationem
987 1868 1246 1933 suspicatus
1279 1889 1469 1934 parum,

61 1959 205 2005 quam
244 1954 551 2004 oportuerat,
612 1938 826 1997 millum,
895 1956 1005 1984 eum
1052 1939 1298 1985 bonorum
1334 1954 1468 2004 parte

63 2009 299 2057 multavit.
380 2009 462 2056 Ad
490 2009 627 2055 cuius
662 2007 852 2053 cladem
875 2006 1251 2070 exaggerandam
1275 2008 1329 2055 id
1352 2027 1470 2072 quo-
1491 2023 1540 2065 19

66 2097 162 2143 que
211 2078 407 2125 iisdem.
441 2078 615 2125 diebus
654 2076 895 2123 acciderat
933 2093 1032 2122 non
1065 2076 1223 2123 minus
1266 2077 1466 2123 exitiale.

66 2146 324 2194 Amantius
355 2146 591 2210 haruspex
622 2165 675 2195 ea
705 2143 985 2210 tempestate
1020 2162 1132 2207 prae
1165 2145 1363 2191 caeteris
1387 2163 1471 2191 no-

66 2229 167 2274 tus,
205 2214 256 2278 ¹³)
278 2215 545 2262 occultiore
571 2215 755 2262 indicio
778 2212 1025 2277 proditus,
1071 2213 1205 2276 quod
1233 2214 1296 2259 ob
1323 2231 1470 2276 prava

66 2283 305 2349 quaedam
344 2282 615 2347 implenda,
677 2282 738 2330 ad
782 2279 1147 2328 sacrificandum
1190 2283 1249 2326 ab
1295 2282 1470 2328 eodem

67 2353 182 2400 esset
218 2352 425 2400 adlcitus
457 2352 714 2416 Hymetio,
750 2350 1078 2412 inductusque
1119 2349 1167 2394 in
1212 2349 1361 2395 iudici
1353 2369 1468 2411 inm,

67 2440 359 2486 quamquain
394 2422 620 2467 incuivus
658 2421 741 2468 {ub
774 2419 983 2492 equuleo
1016 2417 1177 2473 staret,
1235 2419 1471 2481 pertinaci

1495 1920 1508 1943 i

64 2492 272 2554 negabat
316 2490 550 2536 instantia.
667 2490 780 2546 Quo
821 2488 1080 2544 inmittite,
1130 2485 1541 2538 secietioiibuszo

69 2559 248 2606 chartis
278 2560 338 2606 ab
373 2560 473 2606 eius
503 2558 653 2606 domo
684 2557 908 2624 prolatis
945 2554 1378 2602 commonitorium
1402 2575 1490 2612 ie-

779 2627 819 2672 G
855 2642 883 2688 g
922 2639 946 2667 2

121 2791 181 2837 η)
208 2791 258 2824 al.
281 2790 462 2836 integrum
499 2801 616 2836 comp.
675 2795 724 2827 1‘3:
752 2786 819 2822 Ms.
849 2784 1062 2819 ocruttimvs
