<?xml version="1.0" encoding="UTF-8"?>
<!DOCTYPE html PUBLIC "-//W3C//DTD XHTML 1.0 Transitional//EN"
    "http://www.w3.org/TR/xhtml1/DTD/xhtml1-transitional.dtd">
<html xmlns="http://www.w3.org/1999/xhtml" xml:lang="en" lang="en">
 <head>
  <title>
</title>
<meta http-equiv="Content-Type" content="text/html;charset=utf-8" />
  <meta name='ocr-system' content='tesseract 3.04.00' />
  <meta name='ocr-capabilities' content='ocr_page ocr_carea ocr_par ocr_line ocrx_word'/>
</head>
<body>
  <div class='ocr_page' id='page_1' title='image "ammianimarcellin01ammiuoft_0811.png"; bbox 0 0 1727 3144; ppageno 0'>
   <div class='ocr_carea' id='block_1_1' title="bbox 174 163 1505 226">
    <p class='ocr_par' dir='ltr' id='par_1_1' title="bbox 174 163 1505 226">
     <span class='ocr_line' id='line_1_1' title="bbox 174 163 1505 226; baseline 0.011 -27"><span class='ocrx_word' id='word_1_1' title='bbox 174 167 307 199; x_wconf 60' lang='lat' dir='ltr'>var..</span> <span class='ocrx_word' id='word_1_2' title='bbox 349 167 646 201; x_wconf 75' lang='lat' dir='ltr'>GRATIAN.</span> <span class='ocrx_word' id='word_1_3' title='bbox 686 171 762 203; x_wconf 78' lang='lat' dir='ltr'>ET</span> <span class='ocrx_word' id='word_1_4' title='bbox 794 172 1045 204; x_wconf 76' lang='lat' dir='ltr'>VALENT.</span> <span class='ocrx_word' id='word_1_5' title='bbox 1096 173 1143 204; x_wconf 80' lang='lat'>2.</span> <span class='ocrx_word' id='word_1_6' title='bbox 1217 163 1332 223; x_wconf 80' lang='lat'>578.</span> <span class='ocrx_word' id='word_1_7' title='bbox 1408 167 1505 226; x_wconf 85' lang='lat'>595</span> 
     </span>
    </p>
   </div>
   <div class='ocr_carea' id='block_1_2' title="bbox 79 277 1549 2816">
    <p class='ocr_par' dir='ltr' id='par_1_2' title="bbox 83 277 1549 1510">
     <span class='ocr_line' id='line_1_2' title="bbox 98 277 1504 345; baseline 0.011 -21"><span class='ocrx_word' id='word_1_8' title='bbox 98 294 216 324; x_wconf 87' lang='lat' dir='ltr'>num</span> <span class='ocrx_word' id='word_1_9' title='bbox 246 277 557 340; x_wconf 85' lang='lat' dir='ltr'>impatienter</span> <span class='ocrx_word' id='word_1_10' title='bbox 578 280 851 345; x_wconf 86' lang='lat' dir='ltr'>opperiens,</span> <span class='ocrx_word' id='word_1_11' title='bbox 890 281 1233 332; x_wconf 75' lang='lat' dir='ltr'>Richomerem</span> <span class='ocrx_word' id='word_1_12' title='bbox 1258 288 1504 339; x_wconf 83' lang='lat' dir='ltr'><strong>Comitem</strong></span> 
     </span>
     <span class='ocr_line' id='line_1_3' title="bbox 97 346 1503 422; baseline 0.011 -30"><span class='ocrx_word' id='word_1_13' title='bbox 97 346 476 394; x_wconf 81' lang='lat' dir='ltr'>domesticorum</span> <span class='ocrx_word' id='word_1_14' title='bbox 498 348 708 414; x_wconf 86' lang='lat' dir='ltr'>suscepit</span> <span class='ocrx_word' id='word_1_15' title='bbox 738 352 798 397; x_wconf 90' lang='lat' dir='ltr'>ab</span> <span class='ocrx_word' id='word_1_16' title='bbox 832 351 1006 399; x_wconf 90' lang='lat' dir='ltr'>eodem</span> <span class='ocrx_word' id='word_1_17' title='bbox 1037 354 1337 418; x_wconf 77' lang='lat' dir='ltr'>Imperatore</span> <span class='ocrx_word' id='word_1_18' title='bbox 1368 377 1503 422; x_wconf 86' lang='lat' dir='ltr'>prae-</span> 
     </span>
     <span class='ocr_line' id='line_1_4' title="bbox 94 414 1501 487; baseline 0.011 -25"><span class='ocrx_word' id='word_1_19' title='bbox 94 414 286 462; x_wconf 80' lang='lat' dir='ltr'>miss&#39;um</span> <span class='ocrx_word' id='word_1_20' title='bbox 309 434 419 463; x_wconf 89' lang='lat' dir='ltr'>cum</span> <span class='ocrx_word' id='word_1_21' title='bbox 442 418 637 479; x_wconf 83' lang='lat' dir='ltr'>litteris,</span> <span class='ocrx_word' id='word_1_22' title='bbox 688 418 844 483; x_wconf 87' lang='lat' dir='ltr'>ipsum</span> <span class='ocrx_word' id='word_1_23' title='bbox 872 438 1068 487; x_wconf 88' lang='lat' dir='ltr'>quoque</span> <span class='ocrx_word' id='word_1_24' title='bbox 1090 438 1354 486; x_wconf 73' lang='lat' dir='ltr'>¹venturum</span> <span class='ocrx_word' id='word_1_25' title='bbox 1383 446 1501 476; x_wconf 78' lang='lat' dir='ltr'>mox</span> 
     </span>
     <span class='ocr_line' id='line_1_5' title="bbox 93 480 1549 557; baseline 0.01 -28"><span class='ocrx_word' id='word_1_26' title='bbox 93 480 439 532; x_wconf 80' lang='lat' dir='ltr'>indicantibus.</span> <span class='ocrx_word' id='word_1_27' title='bbox 527 488 748 544; x_wconf 85' lang='lat' dir='ltr'>Quarum</span> <span class='ocrx_word' id='word_1_28' title='bbox 775 503 908 537; x_wconf 86' lang='lat' dir='ltr'>textu</span> <span class='ocrx_word' id='word_1_29' title='bbox 937 505 1121 553; x_wconf 87' lang='lat' dir='ltr'>oratus,</span> <span class='ocrx_word' id='word_1_30' title='bbox 1161 507 1214 541; x_wconf 91' lang='lat' dir='ltr'>ut</span> <span class='ocrx_word' id='word_1_31' title='bbox 1246 495 1499 557; x_wconf 85' lang='lat' dir='ltr'>praestola-</span> <span class='ocrx_word' id='word_1_32' title='bbox 1519 508 1549 552; x_wconf 85' lang='lat'><strong><em>5</em></strong></span> 
     </span>
     <span class='ocr_line' id='line_1_6' title="bbox 93 554 1499 625; baseline 0.009 -26"><span class='ocrx_word' id='word_1_33' title='bbox 93 566 227 600; x_wconf 85' lang='lat' dir='ltr'>retur</span> <span class='ocrx_word' id='word_1_34' title='bbox 258 554 517 619; x_wconf 82' lang='lat' dir='ltr'>paullisper</span> <span class='ocrx_word' id='word_1_35' title='bbox 553 557 881 620; x_wconf 81' lang='lat' dir='ltr'>periculorum</span> <span class='ocrx_word' id='word_1_36' title='bbox 913 561 1225 625; x_wconf 81' lang='lat' dir='ltr'>participem,</span> <span class='ocrx_word' id='word_1_37' title='bbox 1266 581 1387 611; x_wconf 85' lang='lat' dir='ltr'>neve</span> <span class='ocrx_word' id='word_1_38' title='bbox 1417 568 1499 612; x_wconf 82' lang='lat' dir='ltr'>ab·</span> 
     </span>
     <span class='ocr_line' id='line_1_7' title="bbox 92 623 1498 686; baseline 0.01 -19"><span class='ocrx_word' id='word_1_39' title='bbox 92 623 248 686; x_wconf 88' lang='lat' dir='ltr'>ruptis</span> <span class='ocrx_word' id='word_1_40' title='bbox 283 623 647 673; x_wconf 75' lang='lat' dir='ltr'>discriminibus</span> <span class='ocrx_word' id='word_1_41' title='bbox 678 640 858 674; x_wconf 87' lang='lat' dir='ltr'>temere</span> <span class='ocrx_word' id='word_1_42' title='bbox 888 627 1035 676; x_wconf 88' lang='lat' dir='ltr'>semet</span> <span class='ocrx_word' id='word_1_43' title='bbox 1063 631 1392 681; x_wconf 85' lang='lat' dir='ltr'>committeret</span> <span class='ocrx_word' id='word_1_44' title='bbox 1424 634 1498 682; x_wconf 84' lang='lat' dir='ltr'>so-</span> 
     </span>
     <span class='ocr_line' id='line_1_8' title="bbox 91 691 1495 765; baseline 0.009 -26"><span class='ocrx_word' id='word_1_45' title='bbox 91 692 222 739; x_wconf 87' lang='lat' dir='ltr'>lum:</span> <span class='ocrx_word' id='word_1_46' title='bbox 288 691 522 740; x_wconf 87' lang='lat' dir='ltr'>adhibitis</span> <span class='ocrx_word' id='word_1_47' title='bbox 571 695 620 740; x_wconf 86' lang='lat' dir='ltr'>in</span> <span class='ocrx_word' id='word_1_48' title='bbox 674 694 927 742; x_wconf 86' lang='lat' dir='ltr'>confilium</span> <span class='ocrx_word' id='word_1_49' title='bbox 970 699 1285 760; x_wconf 85' lang='lat' dir='ltr'>potestatibus</span> <span class='ocrx_word' id='word_1_50' title='bbox 1334 703 1495 765; x_wconf 78' lang='lat' dir='ltr'>variis⁷</span> 
     </span>
     <span class='ocr_line' id='line_1_9' title="bbox 92 759 1543 825; baseline 0.009 -20"><span class='ocrx_word' id='word_1_51' title='bbox 92 759 215 825; x_wconf 88' lang='lat' dir='ltr'>quid</span> <span class='ocrx_word' id='word_1_52' title='bbox 242 761 374 808; x_wconf 82' lang='lat' dir='ltr'>facto</span> <span class='ocrx_word' id='word_1_53' title='bbox 406 778 528 824; x_wconf 85' lang='lat' dir='ltr'>opus</span> <span class='ocrx_word' id='word_1_54' title='bbox 556 762 694 821; x_wconf 82' lang='lat' dir='ltr'>effet,</span> <span class='ocrx_word' id='word_1_55' title='bbox 739 762 1052 810; x_wconf 80' lang='lat' dir='ltr'>deliberabat.</span> <span class='ocrx_word' id='word_1_56' title='bbox 1131 766 1194 812; x_wconf 81' lang='lat' dir='ltr'>Et</span> <span class='ocrx_word' id='word_1_57' title='bbox 1214 786 1325 814; x_wconf 89' lang='lat' dir='ltr'>cum</span> <span class='ocrx_word' id='word_1_58' title='bbox 1350 771 1543 824; x_wconf 86' lang='lat' dir='ltr'>Seha-6</span> 
     </span>
     <span class='ocr_line' id='line_1_10' title="bbox 87 829 1497 893; baseline 0.007 -18"><span class='ocrx_word' id='word_1_59' title='bbox 87 829 238 876; x_wconf 83' lang='lat' dir='ltr'>stiano</span> <span class='ocrx_word' id='word_1_60' title='bbox 271 842 468 874; x_wconf 82' lang='lat' dir='ltr'>auctore</span> <span class='ocrx_word' id='word_1_61' title='bbox 499 829 700 892; x_wconf 81' lang='lat' dir='ltr'>quidam</span> <span class='ocrx_word' id='word_1_62' title='bbox 731 830 953 893; x_wconf 89' lang='lat' dir='ltr'>protinus</span> <span class='ocrx_word' id='word_1_63' title='bbox 991 832 1208 880; x_wconf 87' lang='lat' dir='ltr'>eundum</span> <span class='ocrx_word' id='word_1_64' title='bbox 1246 835 1307 881; x_wconf 89' lang='lat' dir='ltr'>ad</span> <span class='ocrx_word' id='word_1_65' title='bbox 1346 852 1497 885; x_wconf 87' lang='lat' dir='ltr'>certa-</span> 
     </span>
     <span class='ocr_line' id='line_1_11' title="bbox 87 897 1496 968; baseline 0.007 -24"><span class='ocrx_word' id='word_1_66' title='bbox 87 914 199 944; x_wconf 86' lang='lat' dir='ltr'>men</span> <span class='ocrx_word' id='word_1_67' title='bbox 233 909 487 960; x_wconf 86' lang='lat' dir='ltr'>urgerent:</span> <span class='ocrx_word' id='word_1_68' title='bbox 531 897 706 944; x_wconf 85' lang='lat' dir='ltr'>Victor</span> <span class='ocrx_word' id='word_1_69' title='bbox 744 901 941 946; x_wconf 88' lang='lat' dir='ltr'>nomine</span> <span class='ocrx_word' id='word_1_70' title='bbox 985 901 1213 964; x_wconf 77' lang='lat' dir='ltr'>Magister</span> <span class='ocrx_word' id='word_1_71' title='bbox 1255 905 1496 968; x_wconf 82' lang='lat' dir='ltr'>equitum,</span> 
     </span>
     <span class='ocr_line' id='line_1_12' title="bbox 87 963 1496 1029; baseline 0.006 -16"><span class='ocrx_word' id='word_1_72' title='bbox 87 967 328 1025; x_wconf 84' lang='lat' dir='ltr'>Sarmata,</span> <span class='ocrx_word' id='word_1_73' title='bbox 359 963 441 1011; x_wconf 82' lang='lat' dir='ltr'>sed</span> <span class='ocrx_word' id='word_1_74' title='bbox 464 979 719 1013; x_wconf 85' lang='lat' dir='ltr'>cunctator</span> <span class='ocrx_word' id='word_1_75' title='bbox 741 980 787 1013; x_wconf 87' lang='lat' dir='ltr'>et</span> <span class='ocrx_word' id='word_1_76' title='bbox 812 982 1008 1029; x_wconf 83' lang='lat' dir='ltr'>cautus,</span> <span class='ocrx_word' id='word_1_77' title='bbox 1053 969 1223 1017; x_wconf 87' lang='lat' dir='ltr'>eadem</span> <span class='ocrx_word' id='word_1_78' title='bbox 1250 971 1496 1022; x_wconf 86' lang='lat' dir='ltr'>sentienti-</span> 
     </span>
     <span class='ocr_line' id='line_1_13' title="bbox 85 1033 1492 1105; baseline 0.006 -23"><span class='ocrx_word' id='word_1_79' title='bbox 85 1035 178 1082; x_wconf 86' lang='lat' dir='ltr'>bus</span> <span class='ocrx_word' id='word_1_80' title='bbox 200 1033 387 1093; x_wconf 89' lang='lat' dir='ltr'>multis,</span> <span class='ocrx_word' id='word_1_81' title='bbox 424 1033 619 1097; x_wconf 89' lang='lat' dir='ltr'>imperii</span> <span class='ocrx_word' id='word_1_82' title='bbox 641 1033 826 1082; x_wconf 86' lang='lat' dir='ltr'>socium</span> <span class='ocrx_word' id='word_1_83' title='bbox 851 1036 1112 1100; x_wconf 85' lang='lat' dir='ltr'>exspectari</span> <span class='ocrx_word' id='word_1_84' title='bbox 1131 1040 1386 1089; x_wconf 83' lang='lat' dir='ltr'>censebat:</span> <span class='ocrx_word' id='word_1_85' title='bbox 1421 1058 1492 1105; x_wconf 88' lang='lat' dir='ltr'>ut,</span> 
     </span>
     <span class='ocr_line' id='line_1_14' title="bbox 83 1102 1491 1174; baseline 0.005 -22"><span class='ocrx_word' id='word_1_86' title='bbox 83 1102 398 1152; x_wconf 85' lang='lat' dir='ltr'>incrementis</span> <span class='ocrx_word' id='word_1_87' title='bbox 433 1103 669 1150; x_wconf 70' lang='lat' dir='ltr'>exereitus</span> <span class='ocrx_word' id='word_1_88' title='bbox 704 1105 940 1151; x_wconf 87' lang='lat' dir='ltr'>Gallicani</span> <span class='ocrx_word' id='word_1_89' title='bbox 975 1105 1191 1168; x_wconf 80' lang='lat' dir='ltr'>adscitis,</span> <span class='ocrx_word' id='word_1_90' title='bbox 1247 1111 1491 1174; x_wconf 88' lang='lat' dir='ltr'>opprime-</span> 
     </span>
     <span class='ocr_line' id='line_1_15' title="bbox 85 1171 1537 1239; baseline 0.004 -18"><span class='ocrx_word' id='word_1_91' title='bbox 85 1187 218 1221; x_wconf 82' lang='lat' dir='ltr'>retur</span> <span class='ocrx_word' id='word_1_92' title='bbox 238 1171 391 1219; x_wconf 83' lang='lat' dir='ltr'>levius</span> <span class='ocrx_word' id='word_1_93' title='bbox 412 1184 575 1218; x_wconf 88' lang='lat' dir='ltr'>tumor</span> <span class='ocrx_word' id='word_1_94' title='bbox 610 1173 889 1220; x_wconf 87' lang='lat' dir='ltr'>barbaricus</span> <span class='ocrx_word' id='word_1_95' title='bbox 919 1176 1185 1223; x_wconf 86' lang='lat' dir='ltr'>flammans.</span> <span class='ocrx_word' id='word_1_96' title='bbox 1262 1178 1396 1226; x_wconf 88' lang='lat' dir='ltr'>Vicit</span> <span class='ocrx_word' id='word_1_97' title='bbox 1424 1195 1489 1227; x_wconf 87' lang='lat' dir='ltr'>ta·</span> <span class='ocrx_word' id='word_1_98' title='bbox 1507 1195 1537 1239; x_wconf 93' lang='lat'><strong><em>7</em></strong></span> 
     </span>
     <span class='ocr_line' id='line_1_16' title="bbox 83 1239 1490 1313; baseline 0.006 -25"><span class='ocrx_word' id='word_1_99' title='bbox 83 1259 196 1291; x_wconf 88' lang='lat' dir='ltr'>men</span> <span class='ocrx_word' id='word_1_100' title='bbox 217 1239 398 1287; x_wconf 80' lang='lat' dir='ltr'>funesta</span> <span class='ocrx_word' id='word_1_101' title='bbox 417 1239 657 1306; x_wconf 88' lang='lat' dir='ltr'>Principis</span> <span class='ocrx_word' id='word_1_102' title='bbox 676 1241 930 1290; x_wconf 88' lang='lat' dir='ltr'>destinatio</span> <span class='ocrx_word' id='word_1_103' title='bbox 946 1280 959 1305; x_wconf 90' lang='lat'>,</span> <span class='ocrx_word' id='word_1_104' title='bbox 1007 1258 1053 1291; x_wconf 90' lang='lat' dir='ltr'>et</span> <span class='ocrx_word' id='word_1_105' title='bbox 1085 1246 1343 1294; x_wconf 86' lang='lat' dir='ltr'>adulabilis</span> <span class='ocrx_word' id='word_1_106' title='bbox 1370 1267 1490 1313; x_wconf 87' lang='lat' dir='ltr'>quo-</span> 
     </span>
     <span class='ocr_line' id='line_1_17' title="bbox 85 1308 1487 1378; baseline 0.004 -19"><span class='ocrx_word' id='word_1_107' title='bbox 85 1308 310 1359; x_wconf 87' lang='lat' dir='ltr'>rumdam</span> <span class='ocrx_word' id='word_1_108' title='bbox 343 1308 575 1356; x_wconf 80' lang='lat' dir='ltr'>sententia</span> <span class='ocrx_word' id='word_1_109' title='bbox 615 1311 884 1373; x_wconf 81' lang='lat' dir='ltr'>regiorum:</span> <span class='ocrx_word' id='word_1_110' title='bbox 941 1314 1053 1377; x_wconf 88' lang='lat' dir='ltr'>qui,</span> <span class='ocrx_word' id='word_1_111' title='bbox 1107 1332 1164 1360; x_wconf 90' lang='lat' dir='ltr'>ne</span> <span class='ocrx_word' id='word_1_112' title='bbox 1202 1333 1353 1378; x_wconf 84' lang='lat' dir='ltr'>paene</span> <span class='ocrx_word' id='word_1_113' title='bbox 1390 1318 1487 1365; x_wconf 85' lang='lat' dir='ltr'>iam</span> 
     </span>
     <span class='ocr_line' id='line_1_18' title="bbox 83 1377 1490 1445; baseline 0.005 -18"><span class='ocrx_word' id='word_1_114' title='bbox 83 1394 248 1445; x_wconf 86' lang='lat' dir='ltr'>partae</span> <span class='ocrx_word' id='word_1_115' title='bbox 271 1377 503 1425; x_wconf 87' lang='lat' dir='ltr'>victoriae</span> <span class='ocrx_word' id='word_1_116' title='bbox 529 1379 603 1442; x_wconf 89' lang='lat' dir='ltr'>(ut</span> <span class='ocrx_word' id='word_1_117' title='bbox 624 1379 964 1444; x_wconf 70' lang='lat' dir='ltr'>opinabantur)</span> <span class='ocrx_word' id='word_1_118' title='bbox 988 1381 1185 1429; x_wconf 82' lang='lat' dir='ltr'>consors</span> <span class='ocrx_word' id='word_1_119' title='bbox 1208 1385 1346 1432; x_wconf 86' lang='lat' dir='ltr'>fieret</span> <span class='ocrx_word' id='word_1_120' title='bbox 1370 1387 1490 1434; x_wconf 86' lang='lat' dir='ltr'>Gra·</span> 
     </span>
     <span class='ocr_line' id='line_1_19' title="bbox 83 1447 1186 1510; baseline 0.001 -14"><span class='ocrx_word' id='word_1_121' title='bbox 83 1450 239 1496; x_wconf 85' lang='lat' dir='ltr'>tianus</span> <span class='ocrx_word' id='word_1_122' title='bbox 257 1484 269 1508; x_wconf 89' lang='lat'>,</span> <span class='ocrx_word' id='word_1_123' title='bbox 304 1448 553 1510; x_wconf 85' lang='lat' dir='ltr'>properari</span> <span class='ocrx_word' id='word_1_124' title='bbox 575 1447 716 1495; x_wconf 85' lang='lat' dir='ltr'>cursu</span> <span class='ocrx_word' id='word_1_125' title='bbox 736 1450 882 1496; x_wconf 90' lang='lat' dir='ltr'>celeri</span> <span class='ocrx_word' id='word_1_126' title='bbox 908 1449 1186 1497; x_wconf 83' lang='lat' dir='ltr'>suadebant.</span> 
     </span>
    </p>

    <p class='ocr_par' dir='ltr' id='par_1_3' title="bbox 79 1515 1530 2751">
     <span class='ocr_line' id='line_1_20' title="bbox 179 1515 1530 1583; baseline 0.006 -20"><span class='ocrx_word' id='word_1_127' title='bbox 179 1517 240 1563; x_wconf 87' lang='lat' dir='ltr'>Et</span> <span class='ocrx_word' id='word_1_128' title='bbox 264 1515 382 1562; x_wconf 87' lang='lat' dir='ltr'>dum</span> <span class='ocrx_word' id='word_1_129' title='bbox 418 1515 670 1564; x_wconf 73' lang='lat' dir='ltr'>necess‘aria</span> <span class='ocrx_word' id='word_1_130' title='bbox 694 1520 986 1581; x_wconf 86' lang='lat' dir='ltr'>parabantur</span> <span class='ocrx_word' id='word_1_131' title='bbox 1017 1519 1077 1566; x_wconf 91' lang='lat' dir='ltr'>ad</span> <span class='ocrx_word' id='word_1_132' title='bbox 1107 1520 1483 1583; x_wconf 87' lang='lat' dir='ltr'>decernendum,</span> <span class='ocrx_word' id='word_1_133' title='bbox 1503 1537 1530 1580; x_wconf 82' lang='lat'>8</span> 
     </span>
     <span class='ocr_line' id='line_1_21' title="bbox 85 1585 1485 1655; baseline 0.004 -21"><span class='ocrx_word' id='word_1_134' title='bbox 85 1586 345 1634; x_wconf 84' lang='lat' dir='ltr'>Christiani</span> <span class='ocrx_word' id='word_1_135' title='bbox 378 1585 495 1631; x_wconf 85' lang='lat' dir='ltr'>ritus</span> <span class='ocrx_word' id='word_1_136' title='bbox 523 1587 772 1651; x_wconf 79' lang='lat' dir='ltr'>presbyter</span> <span class='ocrx_word' id='word_1_137' title='bbox 804 1590 876 1652; x_wconf 87' lang='lat' dir='ltr'>(ut</span> <span class='ocrx_word' id='word_1_138' title='bbox 912 1588 997 1651; x_wconf 83' lang='lat' dir='ltr'>ipfi</span> <span class='ocrx_word' id='word_1_139' title='bbox 1029 1588 1294 1655; x_wconf 81' lang='lat' dir='ltr'>adpellant)</span> <span class='ocrx_word' id='word_1_140' title='bbox 1324 1591 1485 1639; x_wconf 80' lang='lat' dir='ltr'>miffus</span> 
     </span>
     <span class='ocr_line' id='line_1_22' title="bbox 84 1654 1488 1718; baseline 0.004 -16"><span class='ocrx_word' id='word_1_141' title='bbox 84 1675 107 1702; x_wconf 85' lang='lat' dir='ltr'>a</span> <span class='ocrx_word' id='word_1_142' title='bbox 142 1655 416 1718; x_wconf 83' lang='lat' dir='ltr'>Fritigerno</span> <span class='ocrx_word' id='word_1_143' title='bbox 444 1654 627 1718; x_wconf 84' lang='lat' dir='ltr'>legatus</span> <span class='ocrx_word' id='word_1_144' title='bbox 655 1674 766 1702; x_wconf 91' lang='lat' dir='ltr'>cum</span> <span class='ocrx_word' id='word_1_145' title='bbox 798 1657 902 1703; x_wconf 86' lang='lat' dir='ltr'>aliis</span> <span class='ocrx_word' id='word_1_146' title='bbox 946 1657 1212 1704; x_wconf 84' lang='lat' dir='ltr'>humilibus</span> <span class='ocrx_word' id='word_1_147' title='bbox 1254 1662 1385 1706; x_wconf 85' lang='lat' dir='ltr'>venit</span> <span class='ocrx_word' id='word_1_148' title='bbox 1425 1660 1488 1707; x_wconf 89' lang='lat' dir='ltr'>ad</span> 
     </span>
     <span class='ocr_line' id='line_1_23' title="bbox 81 1723 1487 1793; baseline 0.004 -23"><span class='ocrx_word' id='word_1_149' title='bbox 81 1724 325 1787; x_wconf 87' lang='lat' dir='ltr'>Principis</span> <span class='ocrx_word' id='word_1_150' title='bbox 349 1723 518 1770; x_wconf 86' lang='lat' dir='ltr'>castra:</span> <span class='ocrx_word' id='word_1_151' title='bbox 550 1723 894 1789; x_wconf 83' lang='lat' dir='ltr'>susceptusque</span> <span class='ocrx_word' id='word_1_152' title='bbox 924 1725 1119 1788; x_wconf 84' lang='lat' dir='ltr'>leniter,</span> <span class='ocrx_word' id='word_1_153' title='bbox 1169 1728 1487 1793; x_wconf 87' lang='lat' dir='ltr'>eiusdemque</span> 
     </span>
     <span class='ocr_line' id='line_1_24' title="bbox 83 1792 1486 1860; baseline 0.003 -21"><span class='ocrx_word' id='word_1_154' title='bbox 83 1792 302 1840; x_wconf 81' lang='lat' dir='ltr'>ductoris</span> <span class='ocrx_word' id='word_1_155' title='bbox 323 1792 502 1840; x_wconf 88' lang='lat' dir='ltr'>obtulit</span> <span class='ocrx_word' id='word_1_156' title='bbox 522 1793 720 1856; x_wconf 84' lang='lat' dir='ltr'>scripta,</span> <span class='ocrx_word' id='word_1_157' title='bbox 760 1795 966 1857; x_wconf 85' lang='lat' dir='ltr'>petentis</span> <span class='ocrx_word' id='word_1_158' title='bbox 998 1797 1272 1860; x_wconf 85' lang='lat' dir='ltr'>propalam,</span> <span class='ocrx_word' id='word_1_159' title='bbox 1314 1812 1367 1843; x_wconf 93' lang='lat' dir='ltr'>ut</span> <span class='ocrx_word' id='word_1_160' title='bbox 1394 1797 1486 1843; x_wconf 86' lang='lat' dir='ltr'>libi</span> 
     </span>
     <span class='ocr_line' id='line_1_25' title="bbox 79 1861 1485 1928; baseline 0.002 -19"><span class='ocrx_word' id='word_1_161' title='bbox 79 1861 291 1927; x_wconf 81' lang='lat' dir='ltr'>suisque,</span> <span class='ocrx_word' id='word_1_162' title='bbox 325 1878 450 1926; x_wconf 89' lang='lat' dir='ltr'>quos</span> <span class='ocrx_word' id='word_1_163' title='bbox 470 1875 683 1909; x_wconf 83' lang='lat' dir='ltr'>extorres</span> <span class='ocrx_word' id='word_1_164' title='bbox 705 1865 870 1926; x_wconf 84' lang='lat' dir='ltr'>patriis</span> <span class='ocrx_word' id='word_1_165' title='bbox 893 1864 1074 1911; x_wconf 88' lang='lat' dir='ltr'>laribus</span> <span class='ocrx_word' id='word_1_166' title='bbox 1094 1865 1251 1928; x_wconf 85' lang='lat' dir='ltr'>rapidi</span> <span class='ocrx_word' id='word_1_167' title='bbox 1271 1865 1485 1912; x_wconf 86' lang='lat' dir='ltr'>ferarum</span> 
     </span>
     <span class='ocr_line' id='line_1_26' title="bbox 81 1930 1487 1995; baseline 0.003 -19"><span class='ocrx_word' id='word_1_168' title='bbox 81 1932 299 1995; x_wconf 85' lang='lat' dir='ltr'>gentium</span> <span class='ocrx_word' id='word_1_169' title='bbox 319 1947 516 1994; x_wconf 85' lang='lat' dir='ltr'>exegere</span> <span class='ocrx_word' id='word_1_170' title='bbox 547 1930 812 1990; x_wconf 75' lang='lat' dir='ltr'>discursus,</span> <span class='ocrx_word' id='word_1_171' title='bbox 854 1932 1118 1979; x_wconf 85' lang='lat' dir='ltr'>habitanda</span> <span class='ocrx_word' id='word_1_172' title='bbox 1152 1932 1359 1980; x_wconf 82' lang='lat' dir='ltr'>Thracia</span> <span class='ocrx_word' id='word_1_173' title='bbox 1387 1932 1487 1980; x_wconf 83' lang='lat' dir='ltr'>sola</span> 
     </span>
     <span class='ocr_line' id='line_1_27' title="bbox 81 1999 1486 2064; baseline 0 -17"><span class='ocrx_word' id='word_1_174' title='bbox 81 2018 194 2047; x_wconf 87' lang='lat' dir='ltr'>cum</span> <span class='ocrx_word' id='word_1_175' title='bbox 215 2015 390 2063; x_wconf 89' lang='lat' dir='ltr'>pecore</span> <span class='ocrx_word' id='word_1_176' title='bbox 411 1999 546 2044; x_wconf 88' lang='lat' dir='ltr'>omni</span> <span class='ocrx_word' id='word_1_177' title='bbox 566 2000 917 2046; x_wconf 88' lang='lat' dir='ltr'>concederetur</span> <span class='ocrx_word' id='word_1_178' title='bbox 939 2014 985 2046; x_wconf 88' lang='lat' dir='ltr'>et</span> <span class='ocrx_word' id='word_1_179' title='bbox 1004 2001 1246 2064; x_wconf 81' lang='lat' dir='ltr'>frugibus:</span> <span class='ocrx_word' id='word_1_180' title='bbox 1282 2002 1372 2047; x_wconf 87' lang='lat' dir='ltr'>hoc</span> <span class='ocrx_word' id='word_1_181' title='bbox 1395 2002 1486 2047; x_wconf 81' lang='lat' dir='ltr'>im-</span> 
     </span>
     <span class='ocr_line' id='line_1_28' title="bbox 79 2065 1523 2133; baseline 0.001 -19"><span class='ocrx_word' id='word_1_182' title='bbox 79 2081 302 2133; x_wconf 89' lang='lat' dir='ltr'>petrato,</span> <span class='ocrx_word' id='word_1_183' title='bbox 368 2065 649 2130; x_wconf 84' lang='lat' dir='ltr'>spondentis</span> <span class='ocrx_word' id='word_1_184' title='bbox 686 2082 969 2131; x_wconf 87' lang='lat' dir='ltr'>perpetuam</span> <span class='ocrx_word' id='word_1_185' title='bbox 1011 2087 1194 2128; x_wconf 85' lang='lat' dir='ltr'>pacem.</span> <span class='ocrx_word' id='word_1_186' title='bbox 1286 2071 1523 2121; x_wconf 83' lang='lat' dir='ltr'>Praeter9</span> 
     </span>
     <span class='ocr_line' id='line_1_29' title="bbox 79 2134 1486 2196; baseline 0 -11"><span class='ocrx_word' id='word_1_187' title='bbox 79 2137 203 2185; x_wconf 84' lang='lat' dir='ltr'>haec</span> <span class='ocrx_word' id='word_1_188' title='bbox 236 2135 367 2182; x_wconf 90' lang='lat' dir='ltr'>idem</span> <span class='ocrx_word' id='word_1_189' title='bbox 402 2134 720 2196; x_wconf 77' lang='lat' dir='ltr'>Christianus,</span> <span class='ocrx_word' id='word_1_190' title='bbox 766 2150 821 2183; x_wconf 91' lang='lat' dir='ltr'>ut</span> <span class='ocrx_word' id='word_1_191' title='bbox 856 2136 1076 2184; x_wconf 84' lang='lat' dir='ltr'>conscius</span> <span class='ocrx_word' id='word_1_192' title='bbox 1110 2154 1397 2184; x_wconf 89' lang='lat' dir='ltr'>arcanorum</span> <span class='ocrx_word' id='word_1_193' title='bbox 1438 2153 1486 2185; x_wconf 88' lang='lat' dir='ltr'>et</span> 
     </span>
     <span class='ocr_line' id='line_1_30' title="bbox 81 2203 1485 2268; baseline 0.001 -16"><span class='ocrx_word' id='word_1_194' title='bbox 81 2204 236 2266; x_wconf 87' lang='lat' dir='ltr'>fidus,</span> <span class='ocrx_word' id='word_1_195' title='bbox 273 2203 478 2252; x_wconf 86' lang='lat' dir='ltr'>secretas</span> <span class='ocrx_word' id='word_1_196' title='bbox 510 2204 624 2250; x_wconf 86' lang='lat' dir='ltr'>alias</span> <span class='ocrx_word' id='word_1_197' title='bbox 656 2203 874 2251; x_wconf 90' lang='lat' dir='ltr'>eiusdem</span> <span class='ocrx_word' id='word_1_198' title='bbox 912 2205 1034 2268; x_wconf 81' lang='lat' dir='ltr'>regis</span> <span class='ocrx_word' id='word_1_199' title='bbox 1068 2206 1244 2252; x_wconf 82' lang='lat' dir='ltr'>obtulit</span> <span class='ocrx_word' id='word_1_200' title='bbox 1282 2207 1485 2264; x_wconf 84' lang='lat' dir='ltr'>litteras,</span> 
     </span>
     <span class='ocr_line' id='line_1_31' title="bbox 84 2270 1487 2340; baseline 0.001 -20"><span class='ocrx_word' id='word_1_201' title='bbox 84 2274 170 2340; x_wconf 87' lang='lat' dir='ltr'>qui</span> <span class='ocrx_word' id='word_1_202' title='bbox 193 2273 290 2321; x_wconf 78' lang='lat' dir='ltr'>astu</span> <span class='ocrx_word' id='word_1_203' title='bbox 311 2287 358 2321; x_wconf 90' lang='lat' dir='ltr'>et</span> <span class='ocrx_word' id='word_1_204' title='bbox 375 2270 663 2320; x_wconf 84' lang='lat' dir='ltr'>ludificandi</span> <span class='ocrx_word' id='word_1_205' title='bbox 684 2274 912 2321; x_wconf 87' lang='lat' dir='ltr'>varietate</span> <span class='ocrx_word' id='word_1_206' title='bbox 935 2274 1137 2320; x_wconf 86' lang='lat' dir='ltr'>nimium</span> <span class='ocrx_word' id='word_1_207' title='bbox 1170 2273 1336 2320; x_wconf 86' lang='lat' dir='ltr'>sollers</span> <span class='ocrx_word' id='word_1_208' title='bbox 1351 2312 1363 2335; x_wconf 95' lang='lat'>,</span> <span class='ocrx_word' id='word_1_209' title='bbox 1400 2274 1487 2322; x_wconf 89' lang='lat' dir='ltr'>do·</span> 
     </span>
     <span class='ocr_line' id='line_1_32' title="bbox 81 2340 1487 2405; baseline -0.002 -13"><span class='ocrx_word' id='word_1_210' title='bbox 81 2344 225 2392; x_wconf 85' lang='lat' dir='ltr'>cebat</span> <span class='ocrx_word' id='word_1_211' title='bbox 253 2343 504 2391; x_wconf 87' lang='lat' dir='ltr'>Valentem</span> <span class='ocrx_word' id='word_1_212' title='bbox 530 2340 663 2405; x_wconf 84' lang='lat' dir='ltr'>quafi</span> <span class='ocrx_word' id='word_1_213' title='bbox 682 2359 795 2389; x_wconf 85' lang='lat' dir='ltr'>mox</span> <span class='ocrx_word' id='word_1_214' title='bbox 817 2344 999 2390; x_wconf 85' lang='lat' dir='ltr'>amicus</span> <span class='ocrx_word' id='word_1_215' title='bbox 1023 2342 1210 2389; x_wconf 84' lang='lat' dir='ltr'>futurus</span> <span class='ocrx_word' id='word_1_216' title='bbox 1234 2357 1280 2389; x_wconf 90' lang='lat' dir='ltr'>et</span> <span class='ocrx_word' id='word_1_217' title='bbox 1311 2341 1487 2404; x_wconf 86' lang='lat' dir='ltr'>socius,</span> 
     </span>
     <span class='ocr_line' id='line_1_33' title="bbox 84 2410 1487 2476; baseline -0.001 -17"><span class='ocrx_word' id='word_1_218' title='bbox 84 2413 222 2460; x_wconf 88' lang='lat' dir='ltr'>aliter</span> <span class='ocrx_word' id='word_1_219' title='bbox 253 2410 302 2459; x_wconf 81' lang='lat' dir='ltr'>se</span> <span class='ocrx_word' id='word_1_220' title='bbox 340 2410 652 2476; x_wconf 87' lang='lat' dir='ltr'>popularium</span> <span class='ocrx_word' id='word_1_221' title='bbox 691 2410 933 2458; x_wconf 88' lang='lat' dir='ltr'>saevitiam</span> <span class='ocrx_word' id='word_1_222' title='bbox 969 2411 1158 2458; x_wconf 89' lang='lat' dir='ltr'>mollire</span> <span class='ocrx_word' id='word_1_223' title='bbox 1194 2429 1291 2457; x_wconf 91' lang='lat' dir='ltr'>non</span> <span class='ocrx_word' id='word_1_224' title='bbox 1335 2410 1487 2475; x_wconf 70' lang='lat' dir='ltr'>polle,</span> 
     </span>
     <span class='ocr_line' id='line_1_34' title="bbox 83 2479 1485 2543; baseline -0.001 -15"><span class='ocrx_word' id='word_1_225' title='bbox 83 2482 161 2528; x_wconf 87' lang='lat' dir='ltr'>vel</span> <span class='ocrx_word' id='word_1_226' title='bbox 190 2479 252 2527; x_wconf 83' lang='lat' dir='ltr'>ad</span> <span class='ocrx_word' id='word_1_227' title='bbox 282 2480 590 2528; x_wconf 80' lang='lat' dir='ltr'>conditiones</span> <span class='ocrx_word' id='word_1_228' title='bbox 617 2479 685 2526; x_wconf 89' lang='lat' dir='ltr'>rei</span> <span class='ocrx_word' id='word_1_229' title='bbox 710 2479 952 2527; x_wconf 83' lang='lat' dir='ltr'>Romanae</span> <span class='ocrx_word' id='word_1_230' title='bbox 979 2481 1252 2543; x_wconf 86' lang='lat' dir='ltr'>profuturas</span> <span class='ocrx_word' id='word_1_231' title='bbox 1276 2481 1485 2541; x_wconf 83' lang='lat' dir='ltr'>allicere,</span> 
     </span>
     <span class='ocr_line' id='line_1_35' title="bbox 82 2547 1488 2596; baseline -0.001 0"><span class='ocrx_word' id='word_1_232' title='bbox 82 2549 172 2596; x_wconf 86' lang='lat' dir='ltr'>nifi</span> <span class='ocrx_word' id='word_1_233' title='bbox 193 2549 397 2596; x_wconf 82' lang='lat' dir='ltr'>subinde</span> <span class='ocrx_word' id='word_1_234' title='bbox 422 2562 655 2595; x_wconf 85' lang='lat' dir='ltr'>armatum</span> <span class='ocrx_word' id='word_1_235' title='bbox 678 2547 851 2596; x_wconf 78' lang='lat' dir='ltr'>iisdem</span> <span class='ocrx_word' id='word_1_236' title='bbox 883 2550 1010 2594; x_wconf 82' lang='lat' dir='ltr'>iuxta</span> <span class='ocrx_word' id='word_1_237' title='bbox 1042 2548 1324 2595; x_wconf 83' lang='lat' dir='ltr'>monstraret</span> <span class='ocrx_word' id='word_1_238' title='bbox 1359 2567 1488 2596; x_wconf 80' lang='lat' dir='ltr'>excr-</span> 
     </span>
     <span class='ocr_line' id='line_1_36' title="bbox 85 2617 1486 2680; baseline -0.001 -15"><span class='ocrx_word' id='word_1_239' title='bbox 85 2618 263 2680; x_wconf 80' lang='lat' dir='ltr'>citum,</span> <span class='ocrx_word' id='word_1_240' title='bbox 297 2633 345 2666; x_wconf 82' lang='lat' dir='ltr'>et</span> <span class='ocrx_word' id='word_1_241' title='bbox 391 2618 563 2665; x_wconf 83' lang='lat' dir='ltr'>timore</span> <span class='ocrx_word' id='word_1_242' title='bbox 617 2617 918 2680; x_wconf 84' lang='lat' dir='ltr'>imperatorii</span> <span class='ocrx_word' id='word_1_243' title='bbox 969 2617 1178 2663; x_wconf 86' lang='lat' dir='ltr'>nominis</span> <span class='ocrx_word' id='word_1_244' title='bbox 1233 2617 1486 2678; x_wconf 87' lang='lat' dir='ltr'>intentato,</span> 
     </span>
     <span class='ocr_line' id='line_1_37' title="bbox 87 2684 1488 2751; baseline -0.001 -17"><span class='ocrx_word' id='word_1_245' title='bbox 87 2704 169 2734; x_wconf 87' lang='lat' dir='ltr'>eos</span> <span class='ocrx_word' id='word_1_246' title='bbox 205 2706 230 2734; x_wconf 85' lang='lat' dir='ltr'>a</span> <span class='ocrx_word' id='word_1_247' title='bbox 269 2685 540 2751; x_wconf 81' lang='lat' dir='ltr'>pernicioso</span> <span class='ocrx_word' id='word_1_248' title='bbox 573 2685 819 2750; x_wconf 81' lang='lat' dir='ltr'>pugnandi</span> <span class='ocrx_word' id='word_1_249' title='bbox 857 2700 1104 2734; x_wconf 87' lang='lat' dir='ltr'>revocaret</span> <span class='ocrx_word' id='word_1_250' title='bbox 1147 2684 1335 2733; x_wconf 83' lang='lat' dir='ltr'>ardore.</span> <span class='ocrx_word' id='word_1_251' title='bbox 1426 2686 1488 2733; x_wconf 86' lang='lat' dir='ltr'>Et</span> 
     </span>
    </p>

    <p class='ocr_par' dir='ltr' id='par_1_4' title="bbox 194 2754 942 2816">
     <span class='ocr_line' id='line_1_38' title="bbox 194 2754 942 2816; baseline 0.003 -20"><span class='ocrx_word' id='word_1_252' title='bbox 194 2771 198 2775; x_wconf 60' lang='lat'><strong><em>¹</em></strong></span> <span class='ocrx_word' id='word_1_253' title='bbox 790 2754 826 2799; x_wconf 78' lang='lat' dir='ltr'>P</span> <span class='ocrx_word' id='word_1_254' title='bbox 851 2774 876 2816; x_wconf 82' lang='lat' dir='ltr'>p</span> <span class='ocrx_word' id='word_1_255' title='bbox 919 2771 942 2799; x_wconf 78' lang='lat'>-2</span> 
     </span>
    </p>
   </div>
  </div>
 </body>
</html>
