1727 3144
237 168 498 200 VALENT.
537 169 667 213 van.
708 169 778 219 ΕΤ
814 169 1101 201 enai-mx.
1173 159 1287 218 574.
1380 149 1495 204 μ541

96 277 422 341 perferentes:
470 277 606 343 quod
641 297 719 326 rex
748 278 897 326 iustus
930 293 978 327 et
1010 277 1096 326 suo
1129 296 1407 343 contentus,
1445 297 1499 330 ut

46 377 50 380 ν
94 346 371 408 iactitabat,
416 346 607 395 sceleste
639 347 949 411 concupiscat
983 348 1292 408 Armeniam,
1333 352 1395 398 ad
1427 371 1498 398 ar-

91 415 296 462 bitrium
314 415 453 464 suum
486 417 647 465 vivere
679 417 949 464 cultoribus
982 416 1083 463 eius
1112 418 1372 495 pei-millis:
1412 419 1498 466 sed

37 480 42 483 i
92 483 145 530 ni
172 485 456 534 Sauromaci
488 485 735 551 praesidia
747 485 998 533 militum
985 487 1229 550 lmpertita
1251 487 1493 550 principio

89 551 334 630 sequentis
354 555 490 615 anni,
522 569 575 600 ut
599 544 885 619 dispositum
910 554 1000 616 est,
1036 555 1387 619 impraepedita
1425 574 1494 601 16-

90 623 347 683 verterint,
388 592 568 670 invitus
596 641 649 670 ea
690 623 989 687 complebit,
1040 641 1164 688 quae
1202 622 1371 688 sponte
1411 623 1493 670 sna

86 690 243 737 facere
274 660 554 756 supersedit.
650 691 789 747 Quae
821 691 999 754 legatio
1038 706 1166 738 recta
1206 693 1405 756 quidem
1447 699 1536 741 et5

86 758 264 820 libera,
311 761 360 805 ni
397 758 624 806 deviaffet.
650 760 702 804 in
732 767 836 818 eo,
861 759 998 821 quod
1035 759 1218 823 absque
1252 761 1490 807 mandatis

86 828 272 874 oblatas
308 827 398 873 fibi
435 827 749 893 regiones-iu
791 824 958 876 eadem
1006 827 1240 875 Armenia
1280 828 1492 893 suscepit

87 913 298 959 ex1guas.

181 965 290 1021 Qua
326 962 553 1028 regressa,
594 963 790 1013 advenit
818 966 1005 1013 Surena
1044 965 1490 1030 potestatissssecun-

24 1078 31 1080 .
85 1031 174 1080 dae
210 1034 313 1097 post
343 1036 532 1098 regenP,
588 1033 672 1080 has
709 1034 902 1082 easdem
950 1036 1242 1099 Imperatori
1281 1037 1485 1083 offerens

79 1116 264 1165 partes,
298 1121 414 1167 quas
442 1102 672 1150 audacter
704 1103 853 1150 nostri
886 1103 1094 1151 sumsere
1124 1104 1284 1166 legati.
1368 1105 1482 1160 Quo
1502 1113 1530 1156 6

79 1170 304 1235 suscepto
332 1172 597 1218 liberaliter
624 1185 672 1218 et
703 1173 984 1236 magnifice,
1028 1171 1107 1220 sed
1140 1191 1307 1236 parum
1336 1173 1488 1237 impe-

79 1254 233 1300 trato,
268 1239 403 1304 quod
438 1239 688 1304 poscebat,
731 1241 952 1299 remillb,
996 1241 1285 1304 parabantur
1311 1260 1483 1305 magna

77 1308 393 1356 instrumenta
415 1310 682 1371 bellorum,
712 1324 766 1356 ut
785 1311 972 1357 mollita
994 1308 1154 1357 hieme
1184 1310 1484 1373 Imperatore

78 1378 217 1425 trinis
274 1378 549 1442 agminibus
601 1393 892 1442 perrupturo
943 1379 1213 1439 Perlidem,
1268 1378 1481 1444 ideoque

77 1447 372 1512 Scytharum
395 1447 567 1493 auxilia
589 1448 754 1494 festina
776 1448 1017 1494 celeritate
1042 1462 1299 1494 mercante.

171 1514 387 1563 Proinde
409 1535 579 1580 parum
604 1515 807 1581 adeptus
831 1534 912 1572 ea,
948 1534 1067 1581 quae
1098 1516 1181 1580 spe
1216 1535 1336 1563 vana
1366 1535 1524 1579 con-7

77 1599 274 1648 ceperat
307 1585 490 1648 Sapor,
537 1585 758 1649 ultraque
786 1584 982 1632 solitum
1022 1586 1289 1650 asperatus,
1345 1585 1504 1649 quod,

77 1652 142 1700 ad
191 1654 553 1717 expeditionem
598 1655 784 1716 accingi
829 1669 1069 1702 rectorem
1109 1657 1144 1719 ¹)
1177 1668 1483 1717 compererat

75 1722 321 1770 nostrum:
361 1723 484 1769 iram
513 1723 616 1770 eius
650 1724 941 1771 conculcans
972 1726 1186 1771 Surenae
1224 1721 1360 1770 dedit
1400 1741 1482 1770 116-

77 1791 292 1854 gotium,
334 1805 388 1838 ut
417 1810 496 1852 ca,
540 1810 663 1856 quae
706 1793 880 1839 Victor
915 1793 1090 1840 Comes
1127 1792 1400 1855 susceperat
1433 1799 1497 1837 et'

76 1859 332 1920 Urbicius,
371 1861 515 1907 armis
541 1876 803 1925 repeteret,
834 1861 868 1906 fi
890 1862 1146 1925 quisquam
1173 1873 1480 1923 repugnaret,

76 1943 124 1977 et
155 1929 333 1976 milites
364 1930 671 1977 Sauromacis
706 1929 944 1994 praesidio
978 1929 1198 1976 destinati
1230 1929 1367 1975 malis
1398 1927 1480 1974 ad-

72 1997 355 2063 fligerentur
386 1999 623 2045 extremis.
710 1998 968 2062 Haecque,
1008 2012 1063 2044 ut
1092 1997 1342 2053 statuerat,
1378 2008 1521 2050 ψει-8

72 2080 228 2113 turata
249 2066 528 2127 confestim3
560 2085 650 2114 nec
675 2066 925 2114 emendari
954 2079 1219 2130 potuerunt
1247 2083 1341 2112 ,1166
1376 2065 1477 2111 vin·

73 2135 250 2195 dicari,
281 2135 396 2199 quia
414 2153 515 2182 rem
536 2135 803 2182 Romanam
829 2136 949 2182 alius
973 2133 1348 2182 circumsteterat
1379 2151 1476 2180 me-

72 2219 149 2251 tus
181 2203 330 2250 totius
363 2203 599 2261 Gothiae,
647 2204 881 2251 Thracias
907 2202 1128 2251 licentius
1162 2218 1474 2264 perrumpen-

72 2275 158 2321 tis:
206 2289 329 2337 quae
359 2272 526 2318 funera
554 2286 670 2319 tunc
714 2273 946 2336 explicari
981 2283 1211 2337 poterunt
1246 2269 1469 2333 carptim,

70 2341 107 2390 fi
125 2341 186 2389 ad
215 2360 268 2388 ea
290 2358 488 2405 quoque
508 2341 797 2388 venerimus.

171 2410 306 2457 Haec
337 2427 422 2473 per
451 2408 582 2456 Eoos
613 2411 785 2473 agitata
817 2410 926 2457 sunt
965 2421 1158 2454 tractus.
1243 2406 1464 2462 Quorum
1485 2421 1512 2462 9

69 2480 196 2528 inter
214 2477 385 2526 seriem
411 2478 662 2524 Africanas
687 2479 872 2538 clades,
918 2492 963 2524 et
997 2478 1261 2539 legatorum
1293 2475 1470 2539 Tripo-

68 2550 171 2597 leos
193 2565 354 2595 manes
374 2547 555 2593 inultos
581 2548 830 2595 etiamtum
858 2562 902 2594 ct
923 2560 1131 2593 errantes
1150 2543 1466 2607 sempiternus

70 2617 334 2664 vindicavit
357 2616 569 2663 Iustitiae
590 2617 743 2681 vigor,
780 2615 1034 2682 aliquoties
1057 2613 1201 2673 serus,
1236 2612 1318 2661 sed
1342 2611 1468 2661 [6111-Ι

119 2785 152 2829 1)
180 2783 230 2815 al·
261 2791 486 2828 tonet-perat.
