1727 3144
253 199 344 245 114
485 210 757 243 Animam
788 208 1179 240 intuentum
1213 208 1343 254 xvir,
1384 210 1424 238 1.

220 321 376 390 xHae
409 359 598 403 rerum,
656 357 774 405 quas
812 339 904 386 iam
950 337 1252 402 digeffimus,
1317 337 1545 386 varietate
1588 336 1658 386 ita

251 410 502 472 conclusa,
546 409 753 458 Martius
781 408 971 456 iuvenis
1001 407 1176 455 Rheno
1210 404 1658 472 postArgeutorass

251 481 435 531 tensem
463 497 677 545 pugnam
709 476 860 525 otiose
902 479 1082 525 fluente
1124 474 1343 538 securus,
1389 474 1661 523 sollicitus-

255 568 367 617 que,
394 567 454 597 ne
478 548 608 596 dirae
628 547 848 595 volucres
868 544 1211 594 consumerent
1229 554 1437 610 cerpora
1460 562 1662 609 pereni-

251 634 451 686 ptorum
463 653 480 678 ,
515 617 612 664 line
633 615 927 664 discretione
948 628 1149 663 cunctos
1172 613 1367 661 humari
1387 612 1660 661 mandavit:
1726 641 1727 658 1

253 687 584 751 absolutisque
618 684 810 749 legatis,
865 700 990 749 quos
1018 697 1128 732 ante
1171 696 1417 731 certamen
1458 680 1662 747 superba
1726 709 1727 714 =

257 754 496 823 quaedam
521 753 728 820 portass'e
762 753 1120 818 praediximUS,
1166 753 1228 799 ad
1258 751 1424 808 Tresv-
1437 753 1663 798 tabernas
1726 799 1727 802 ,

222 827 472 874 mevenit.
573 821 720 870 Unde
763 841 874 870 cum
913 822 1113 885 captivis
1157 821 1384 868 omnibus
1432 819 1664 884 praedam
1726 822 1727 838 ³

263 893 677 952 Mediomatricos,
705 890 988 938 servandam
1012 889 1074 937 ad
1099 888 1310 937 reditum
1329 907 1484 953 usque
1506 888 1662 948 suum,

258 963 374 1010 duci
398 961 667 1027 praecepit:
703 973 750 1008 et
776 960 1012 1024 petiturus
1032 957 1132 1023 ipse
1164 959 1564 1021 Mogontiacum,
1609 971 1665 1003 ut

258 1046 410 1098 ponte
453 1042 710 1094 compacto
750 1027 1088 1092 transgreffus,
1162 1027 1213 1072 in
1256 1026 1349 1073 suis
1393 1027 1664 1091 requireret

258 1101 516 1159 barbaros,
545 1116 658 1145 cum
684 1095 872 1144 nullum
898 1095 1161 1162 reliquisset
1183 1096 1233 1141 in
1256 1095 1454 1156 nostris,
1503 1096 1664 1142 refra-

257 1184 400 1234 gante
423 1167 679 1216 vetabatur
701 1165 919 1224 exercitu
938 1184 947 1212 :
981 1182 1148 1213 verum
1179 1163 1405 1211 facundia
1425 1162 1664 1212 iucundi-

257 1251 453 1301 tateque
487 1235 765 1283 sermonum
806 1233 1080 1294 adlectum,
1130 1235 1182 1280 in
1219 1235 1519 1281 voluntatem
1560 1247 1664 1280 tra-

182 1326 197 1337 *·
258 1306 462 1354 duxerat
492 1303 642 1353 suam.
726 1307 879 1351 Amor
913 1303 1042 1349 enim
1083 1301 1189 1365 post
1232 1301 1525 1349 documenta
1568 1303 1666 1349 ssa*

259 1375 501 1440 granum,
535 1369 671 1438 sequi
700 1372 910 1419 libenter
943 1369 1165 1417 hortatus
1197 1369 1263 1416 est
1300 1371 1458 1418 omnis
1489 1377 1668 1437 operae

258 1443 641 1502 conturmalem‚
679 1441 966 1502 anctoritate
986 1436 1300 1504 magnificum
1328 1439 1528 1500 ducem,
1558 1439 1668 1504 plus

259 1513 444 1561 laboris
477 1511 692 1559 indicere
722 1509 811 1557 fibi
844 1527 992 1574 quam
1025 1507 1170 1555 militi
1184 1533 1212 1569 ‚2
1250 1508 1370 1555 licut
1411 1507 1666 1574 perspicue

261 1582 494 1645 contigit,
537 1578 807 1627 adsuetum.
890 1577 1111 1642 Moxque
1150 1576 1214 1624 ad
1252 1577 1417 1627 loeium
1463 1575 1668 1642 praedi-

263 1665 399 1697 ctum
454 1647 521 1696 est
572 1661 798 1706 ventum,
861 1645 1063 1702 flumine
1125 1644 1360 1709 pontibus
1415 1646 1667 1694 constratis

220 1716 557 1777 Ztransmiss'o,
603 1730 905 1778 occupavere
922 1726 1074 1760 terras
1096 1711 1311 1762 hostilesn
1381 1714 1451 1761 At
1473 1715 1670 1763 barbari

259 1786 531 1853 praestricti
549 1783 734 1849 negotii
755 1780 1115 1845 magnitudine,
1148 1780 1300 1847 quise
1326 1779 1377 1827 in
1401 1783 1667 1848 tranquillo

261 1855 442 1921 politos
465 1854 567 1902 otio
586 1867 703 1900 tunc
730 1869 902 1916 parum
931 1849 1195 1914 inquietari
1226 1851 1359 1916 poss'e
1393 1849 1667 1916 sperabant,

261 1925 472 1973 aliorum
495 1922 668 1982 exitio,
705 1919 826 1986 quid
846 1919 1055 1967 fortunis
1076 1918 1172 1967 suis
1197 1921 1491 1981 immineret,
1524 1920 1667 1968 anxie
1682 1978 1691 1983 γ’

258 1993 554 2058 cogitante5‚
584 1989 803 2037 fimulata
823 1987 955 2052 pacis
978 1987 1238 2052 petitione,
1270 2003 1325 2036 ut
1345 1987 1529 2051 primae
1550 2006 1667 2037 ver-

262 2062 429 2127 tiginis
460 2061 699 2125 impetum
729 2056 1056 2118 declinarent,
1099 2058 1133 2122 ¹)
1156 2055 1327 2105 misere
1348 2056 1534 2122 legatos
1552 2076 1665 2106 cum

264 2130 424 2180 verbis
462 2125 744 2192 compositis
760 2163 772 2187 ‚
821 2142 944 2190 quae
987 2123 1331 2181 denuntiarent
1366 2126 1666 2175 concordem

263 2198 523 2257 foederum
548 2193 855 2244 firmitatem:
906 2194 1271 2259 incertumque,
1321 2211 1420 2260 quo
1463 2196 1667 2244 conlilio

263 2284 347 2318 aut
364 2267 582 2320 instituto
608 2277 791 2312 mutata
814 2263 1060 2311 voluntate
1081 2300 1098 2320 ,
1132 2281 1220 2328 per
1252 2263 1372 2311 alios
1403 2261 1543 2312 cursu
1576 2282 1668 2313 cc·—

261 2339 353 2386 leri
391 2335 555 2385 venire
594 2331 895 2397 compulsos,
949 2332 1241 2382 acerrimum
1284 2331 1456 2398 nostris
1494 2333 1668 2380 minati

264 2407 374 2455 sunt
393 2405 577 2453 bellum
592 2440 605 2465 ,
642 2402 692 2461 ni
713 2419 884 2450 eorum
908 2401 1190 2464 regionibus
1224 2394 1528 2449 eitceffiffent.

236 2491 264 2541 4
375 2475 568 2532 Quibus
588 2472 713 2520 clara
735 2469 835 2520 fide
853 2470 1142 2534 compertis,
1183 2466 1355 2518 Caesar
1374 2469 1530 2532 prima
1564 2486 1666 2516 no·-

262 2545 352 2592 ctis
376 2544 540 2608 quiete
561 2540 765 2606 navigiis
781 2538 990 2587 modicis
1011 2552 1059 2586 et
1080 2538 1333 2587 velocibus
1360 2537 1666 2600 octingentos

263 2613 495 2678 imposuit
511 2611 712 2659 milites:
745 2627 799 2658 ea
821 2625 899 2669 re,
927 2622 981 2655 ut
1000 2609 1048 2656 vi
1072 2607 1258 2673 ingenti
1281 2605 1322 2673 ²)
1343 2604 1528 2653 sursum
1548 2623 1664 2654 ver-—

314 2821 352 2867 1)
382 2820 435 2854 al.
463 2818 644 2855 miserunt.
695 2817 739 2867 2)
767 2818 819 2852 al.
848 2815 979 2852 suriinn
1005 2816 1133 2851 versus.
