1727 3144
263 138 832 173 VALENTINIAN‚ET
865 138 1123 171 VALENs.
1197 127 1312 173 565.
1406 131 1504 188 4¹9

93 249 272 299 ditivos
303 250 545 315 quosdam
579 263 851 310 ostentans,
898 246 984 313 qui
1026 248 1192 295 astutia
1235 252 1505 299 confidenti

89 320 270 385 partim
297 323 356 367 ab
390 320 621 380 Oriente,
665 317 745 365 alii
778 336 802 366 e
832 317 1004 365 Galliis
1030 315 1077 364 fe
1110 318 1312 378 venisse,
1348 335 1394 366 et
1412 323 1506 368 Va-

88 389 412 436 lentinianum
450 388 618 436 obiiffe
651 390 912 452 fingentes,
958 401 1130 434 cuncta
1174 401 1336 450 patere
1376 407 1504 437 novo

90 471 139 506 et
167 457 425 506 favorabili
467 456 685 522 Principi
724 455 1075 504 memolabant.
1166 455 1229 502 Et
1272 455 1384 520 quia
1430 467 1551 520 1034

89 544 245 574 novae
278 528 549 592 petulanter
585 540 802 590 arreptae
842 525 1087 572 celeiitate
1128 516 1308 572 muniri
1348 524 1505 573 lolent

91 609 219 642 lutei
224 594 379 671 dum,
445 615 504 643 ne
565 594 687 661 quid
746 593 1115 641 formidandum
1181 593 1502 656 omitteretui,

90 662 127 729 ¹)
169 682 283 711 cum
338 655 642 713 festinatione
682 660 950 710 Nebridius
996 662 1045 709 in
1087 659 1251 717 locuni
1291 663 1504 710 Sallustii

87 734 361 797 praefectus
380 748 574 797 praetoi
578 750 626 778 10
648 730 859 777 factione
888 731 1105 777 Petronii
1125 750 1289 778 recens
1309 752 1361 794 pl
1367 750 1503 779 omo-

88 815 190 862 tus,
238 816 285 849 et
329 800 576 849 Caesarius
608 796 1171 862 Constantinopolitanae
1202 802 1337 847 mbis
1367 818 1503 864 prae-

85 869 282 917 fectus
270 888 321 916 m
351 868 542 917 vincula
569 868 978 932 compinguntur:
1017 882 1064 915 et
1104 869 1300 917 iubetur
1336 870 1503 917 civita-

87 951 187 986 tem
223 937 390 986 curare
438 933 578 994 solita
620 938 852 1002 potestate
894 937 1247 1000 Phronemius,
1309 939 1500 1004 esseque

88 1007 309 1072 magister
336 1005 608 1055 officiorum
634 1005 955 1070 Euphrasius,
1001 1008 1145 1054 ambo
1181 1007 1338 1067 Galli,
1371 1007 1502 1056 insti-

87 1077 203 1123 tutis
225 1077 464 1125 bonarum
489 1076 664 1123 artium
689 1073 1042 1139 spectatissimi:
1078 1089 1124 1122 et
1148 1074 1499 1123 adminiPuatio

86 1145 399 1216 negotiorum
422 1143 728 1193 castrenllum
753 1145 1024 1192 Gomoario
1055 1159 1101 1191 et
1136 1142 1334 1208 Agiloni
1365 1162 1501 1192 revo-

87 1214 207 1261 catis
226 1215 277 1261 iu
296 1207 646 1262 saciamentum
666 1213 990 1260 comniittitut
1010 1213 1307 1274 inconsulte,
1339 1229 1392 1261 ut
1415 1213 1503 1261 do-

87 1283 192 1330 cuit
221 1301 384 1331 retum
415 1284 566 1331 exitus
592 1280 836 1347 p1oditor.
921 1282 1084 1339 Quia
1073 1284 1220 1345 iginii
1242 1283 1394 1329 Iulius
1420 1302 1499 1330 co·
1514 1286 1546 1334 5

87 1370 190 1398 mes
211 1370 296 1416 pei
318 1351 553 1399 Thracias
575 1350 731 1416 copiis
753 1351 1043 1398 militaribus
1069 1351 1368 1416 praefidens,
1411 1370 1498 1416 op-

86 1419 331 1497 pressu-ius
365 1422 594 1482 rebelles,
644 1420 680 1467 fi
709 1420 1016 1484 competisset
1052 1436 1247 1480 conata,
1303 1439 1357 1468 ex
1387 1439 1500 1484 pto-

86 1489 287 1554 pinquis
306 1489 590 1545 stationibus
610 1489 897 1548 timebatur,
943 1505 1272 1536 commentum
1312 1490 1500 1553 excogi-

84 1571 242 1605 tatum
265 1557 330 1604 est
350 1558 589 1605 validum:
631 1571 678 1604 et
713 1559 844 1622 quali
873 1557 996 1603 iussu
1025 1559 1251 1605 Valentis
1279 1558 1392 1604 {ei-aii
1424 1558 1498 1604 su-

87 1643 178 1690 per
202 1625 468 1674 barbaricis
491 1625 706 1673 motibus
727 1640 1034 1689 tractaturus,
1073 1626 1302 1673 Nebridii
1326 1627 1499 1674 litteris

89 1695 252 1743 adhuc
272 1695 417 1744 claufi
439 1693 678 1743 violenter
697 1693 918 1758 expressis
952 1695 1132 1741 accitus
1162 1696 1499 1742 Constantino-

88 1764 274 1828 polim,
309 1765 516 1812 strictius
538 1765 809 1812 tenebatur.
883 1763 1087 1828 Hacque
1125 1763 1298 1810 callida
1327 1764 1500 1811 fraude

88 1833 364 1881 bellatrices
395 1831 634 1880 Thraciae
666 1846 830 1895 gentes
864 1830 961 1878 fine
1002 1850 1175 1880 cruore
1217 1833 1498 1898 adquilitae,

90 1901 387 1949 adminicula
409 1901 530 1948 aulis
551 1898 874 1948 tumultuatiis
904 1903 1107 1948 maxima
1138 1917 1496 1952 comum-arunt.

89 1969 204 2018 Post
237 1989 359 2035 quae
397 1968 464 2018 ita
505 1985 681 2018 eventu
716 1968 917 2016 laetiore
963 1971 1236 2038 completa,
1291 1972 1544 2019 Alaxiusfl

91 2040 331 2087 exambita
362 2040 493 2104 regia
526 2036 770 2103 praetorio
806 2034 1077 2102 praefectus
1109 2040 1329 2100 accellit,
1370 2041 1498 2086 velut

91 2107 352 2172 Agilone„
326 2126 502 2157 orenero
523 2105 836 2172 suffragante:
873 2106 1052 2172 aliique
1076 2109 1237 2173 pluies
1273 2108 1333 2155 ad
1364 2109 1498 2154 aulae

92 2176 253 2225 varios
286 2192 418 2224 actus
457 2191 504 2224 et
535 2172 933 2223 administrandas
962 2176 1237 2240 provincias
1271 2176 1378 2222 sunt
1416 2176 1497 2223 ad-

92 2245 242 2306 miffi,
273 2243 504 2313 quidan'i
493 2242 650 2306 lnviti,
678 2229 775 2292 alii
780 2245 909 2292 ultro
935 2245 1084 2294 semet
1107 2247 1359 2293 offerentes
1386 2263 1497 2290 cum

91 2315 337 2380 piaemiis.
414 2314 608 2378 thue
597 2332 647 2360 m
673 2314 1018 2362 celtaminibus
1048 2314 1279 2361 intestinis
1306 2311 1393 2359 usu
1422 2324 1542 2368 ve-7

91 2384 197 2431 nire
221 2383 484 2448 contingit,
521 2381 831 2447 emergebant
854 2401 910 2430 ex
929 2385 1111 2445 vulgati
1140 2384 1269 2428 tiece
1290 2383 1496 2429 nonnul-

92 2449 158 2513 li,
213 2450 546 2530 desperatione
594 2451 903 2528 consiliisque
951 2452 1261 2497 ductantibus
1316 2451 1494 2498 caecis:

93 2523 362 2587 contraque
417 2521 617 2587 quidam
663 2521 756 2568 orti
807 2519 1086 2584 splendide,
1141 2538 1165 2565 ι
1203 2520 1496 2567 culminibus

94 2586 292 2638 summis
312 2590 530 2657 adusque
551 2604 730 2639 mortes
758 2604 804 2636 et
825 2590 963 2637 exilia
985 2607 1093 2637 cori
1100 2589 1290 2636 nebant.

717 2657 877 2706 Dd2

145 2776 179 2817 ι)
206 2772 274 2809 Ms.
307 2786 386 2808 curn
411 2772 648 2810 festinatione.
