1727 3144
192 134 287 180 602
430 148 701 190 ‚mmmmm
743 147 1136 181 MARcELmM
1176 151 1321 196 xxxx,
1372 138 1448 183 14.

191 257 326 306 ficiet
345 259 479 323 poni.
554 259 621 306 Ut
637 256 746 305 sunt
772 257 824 304 in
856 257 1048 322 palatiis
1078 259 1302 306 nonnulli
1338 259 1603 309 alienarum

194 345 357 375 rerum
389 327 545 387 avidi,
587 327 619 374 fi
653 328 739 392 qui
770 326 1013 374 caducum
1046 328 1124 375 vel
1153 328 1286 375 aliud
1322 328 1510 393 petiss'et
1547 347 1604 377 ex

192 396 304 456 usu,
339 415 448 444 cum
472 415 645 460 magna
663 396 898 444 iustorum
921 396 1306 463 iniustorumque
1337 396 1604 446 distinetio-

227 463 691 530 e²)co-ntradictori
718 466 861 530 copia
891 463 1072 514 servata
1091 504 1106 528 ,
1149 466 1362 515 donabat
1392 466 1463 528 ei,
1516 467 1602 532 qui

188 535 433 598 petierat,-
461 549 557 583 tres
593 537 669 583 vel
691 549 910 613 'quatuor
940 536 1059 583 alios
1088 534 1307 584 absentes
1344 536 1604 601 aliquoties

186 604 559 668 impetratorum
581 605 841 669 participes
863 604 1094 669 iungens:
1126 618 1182 653 ut
1199 605 1488 669 castigatius·
1496 622 1604 683 age-'-

190 687 307 719 r-ent
320 673 551 737 inquieti,
583 676 745 735 lucra,
791 674 970 739 quibus
998 674 1277 736 inhiabant,
1320 674 1418 723 hoc
1446 674 1605 721 minui

144 741 173 795 4
190 757 471 790 commento
492 757 761 791 cernentes.
834 743 995 807 Super
1015 743 1251 792 aedificiis
1271 758 1450 803 autem,
1479 759 1606 808 quae

186 828 276 876 per
307 810 517 859 diversas
548 813 694 859 urbes
728 825 776 860 et
810 811 993 874 oppida
1022 813 1100 859 vel
1136 812 1448 869 instauravit,
1481 812 1606 860 vela

185 879 357 944 primis
380 880 603 926 instruxit
625 878 852 940 auspiciis
875 881 957 940 (ne
981 878 1064 925 [im
1092 880 1306 944 longior)
1337 894 1498 939 taceo,
1532 898 1606 927 re·

187 949 281 994 bus
315 946 428 1011 ipfis
459 945 512 992 id
545 947 759 1010 apertius
794 946 1061 994 monstrare
1093 948 1385 995 concedens.
1464 946 1601 996 Haec

186 1012 330 1061 bonis
360 1015 589 1062 omnibus
617 1012 905 1061 aemulanda
932 1013 1066 1075 sunt,
1102 1029 1158 1063 ut
1187 1015 1430 1064 existimo:
1471 1035 1601 1066 nunc

185 1085 288 1132 eius
310 1084 426 1131 vitia
447 1101 803 1148 percurramus.

139 1149 169 1194 5
287 1153 579 1217 Magnarum
613 1170 765 1218 opum
795 1152 1124 1216 intemperans
1154 1151 1424 1217 adpetitor,
1464 1154 1602 1202 labo«-

184 1241 293 1270 rum
322 1222 609 1287 impatiens,
657 1221 989 1285 duritiamque
1027 1221 1180 1286 magis
1219 1221 1468 1269 adfectans
1511 1221 1602 1270 im-

183 1309 405 1353 manem,
439 1291 489 1337 in
514 1291 854 1339 crudelitatem
884 1291 1178 1353 proclivior,
1214 1290 1498 1354 subagrestis
1530 1293 1602 1339 in-

186 1361 344 1425 genii,
376 1378 466 1407 nec
486 1361 701 1421 bellicis,
721 1377 822 1406 -nec
843 1359 1129 1408 liberalibus
1152 1359 1320 1406 studiis
1352 1359 1597 1408 eruditus:

186 1430 355 1477 alienis
401 1429 662 1494 gemitibus
700 1430 912 1477 libenter
949 1430 1278 1477 emolumenta
1315 1429 1601 1494 fructusque

186 1499 510 1564 conquirens,
541 1513 756 1563 tuncque
775 1499 925 1562 magis
951 1496 1300 1559 intolerabilis,
1341 1516 1453 1544 cum
1483 1499 1600 1546 inci-

187 1567 351 1616 dentia
381 1568 587 1614 crimina
616 1568 678 1614 ad
711 1581 1045 1631 contemptam
1066 1568 1144 1614 vel
1160 1566 1336 1614 laesam
1356 1568 1599 1632 Principis

185 1635 561 1702 amplitudinem
588 1637 811 1697 trahens,
861 1637 913 1682 in
947 1636 1228 1701 sanguinem
1265 1635 1509 1683 saeviebat
1552 1651 1600 1684 et

139 1704 167 1745 6
188 1705 442 1770 dispendia
493 1707 813 1770 locupletum.
899 1705 1033 1752 Illud
1077 1723 1276 1771 quoque
1323 1705 1444 1752 ferri
1498 1724 1597 1752 non

185 1789 405 1839 poterat,
449 1774 613 1840 quod,
659 1793 772 1822 cum
803 1774 993 1838 legibus
1020 1775 1129 1823 lites
1164 1789 1332 1823 omnes
1364 1774 1598 1838 quaestio-

183 1845 705 1908 nesque-committere
738 1843 901 1892 videri
944 1843 992 1892 se
1031 1845 1199 1902 vellet,
1254 1843 1608 1907 destinatisque*

183 1913 315 1959 velut
343 1913 481 1959 lectis
513 1913 763 1961 iudicibus
790 1915 986 1976 negotia
1021 1912 1282 1978 spectanda
1323 1911 1596 1974 mandabat,

180 1981 308 2028 nihil
340 1981 415 2044 agi
435 1995 605 2028 contra
625 1981 886 2027 libidinem
903 1981 1037 2028 [uam
1060 1983 1362 2046 patiebatur:
1395 1980 1598 2027 iniurio-

179 2051 258 2098 sus
279 2049 394 2096 alia·s
416 2062 465 2096 et
485 2047 748 2095 iracundus
774 2061 821 2094 et
841 2046 1213 2096 criminantibus
1242 2049 1340 2095 fine
1370 2047 1605 2096 differem·

179 2120 244 2167 tia
275 2118 379 2165 veri
406 2117 483 2165 vel
509 2116 612 2164 falfi
645 2116 873 2164 facillime
919 2130 1124 2181 pateus:
1189 2134 1314 2182 quae
1355 2117 1595 2164 vitiorum

177 2190 311 2236 labes
330 2186 477 2234 etiam
492 2186 543 2232 in
565 2186 642 2233 his
666 2186 863 2250 privatis
886 2185 1285 2252 quotidianisque
1313 2186 1585 2234 rationibus

180 2255 437 2321 impendio
468 2255 533 2302 est
561 2253 885 2302 formidanda.

138 2327 164 2367 7
272 2323 570 2373 ΟεΙΓειῑοι-’θῐ
601 2324 759 2389 piger:
806 2323 933 2388 nigri
971 2323 1178 2387 coloris,
1231 2323 1415 2387 pupula
1459 2324 1590 2371 oculi

179 2394 324 2442 unius
350 2393 620 2454 obstructa,
650 2392 734 2441 sed
757 2393 848 2454 ita,
883 2406 939 2439 ut
963 2406 1064 2440 non
1091 2393 1280 2440 eminus
1308 2390 1590 2456 adpareret:

178 2465 336 2526 figura
381 2463 508 2510 bene
551 2476 806 2527 compacta
845 2462 1208 2522 membrorum,
1257 2461 1461 2508 staturae
1501 2479 1590 2509 nec

178 2549 440 2597 procerae,
472 2549 561 2579 nec
584 2531 808 2593 humilis,
839 2531 1053 2580 incurvis
1079 2531 1349 2592 cruribus,-
1366 2531 1592 2577 exstante-

182 2618 279 2668 que
299 2599 614 2648 mediocriter
642 2615 823 2650 ventre.
848 2634 849 2637 =

229 2765 269 2810 2)
298 2762 367 2800 ΜΓ.
401 2764 691 2800 contradictoris.-
