<?xml version="1.0" encoding="UTF-8"?>
<!DOCTYPE html PUBLIC "-//W3C//DTD XHTML 1.0 Transitional//EN"
    "http://www.w3.org/TR/xhtml1/DTD/xhtml1-transitional.dtd">
<html xmlns="http://www.w3.org/1999/xhtml" xml:lang="en" lang="en">
 <head>
  <title>
</title>
<meta http-equiv="Content-Type" content="text/html;charset=utf-8" />
  <meta name='ocr-system' content='tesseract 3.04.00' />
  <meta name='ocr-capabilities' content='ocr_page ocr_carea ocr_par ocr_line ocrx_word'/>
</head>
<body>
  <div class='ocr_page' id='page_1' title='image "ammianimarcellin01ammiuoft_0694.png"; bbox 0 0 1727 3144; ppageno 0'>
   <div class='ocr_carea' id='block_1_1' title="bbox 190 95 1509 154">
    <p class='ocr_par' dir='ltr' id='par_1_1' title="bbox 190 95 1509 154">
     <span class='ocr_line' id='line_1_1' title="bbox 190 95 1509 154; baseline -0.005 -11"><span class='ocrx_word' id='word_1_1' title='bbox 190 99 288 145; x_wconf 80' lang='lat'>488</span> <span class='ocrx_word' id='word_1_2' title='bbox 428 109 703 146; x_wconf 59' lang='lat' dir='ltr'>summm</span> <span class='ocrx_word' id='word_1_3' title='bbox 740 109 1131 144; x_wconf 66' lang='lat' dir='ltr'>MAchcmm</span> <span class='ocrx_word' id='word_1_4' title='bbox 1182 110 1354 154; x_wconf 69' lang='lat' dir='ltr'>xxviii,</span> <span class='ocrx_word' id='word_1_5' title='bbox 1389 95 1434 142; x_wconf 41' lang='lat'>4⁴</span> <span class='ocrx_word' id='word_1_6' title='bbox 1465 96 1509 140; x_wconf 83' lang='lat'>5.</span> 
     </span>
    </p>
   </div>
   <div class='ocr_carea' id='block_1_2' title="bbox 119 216 1618 1112">
    <p class='ocr_par' dir='ltr' id='par_1_2' title="bbox 119 216 1612 905">
     <span class='ocr_line' id='line_1_2' title="bbox 119 216 1601 285; baseline -0.003 -17"><span class='ocrx_word' id='word_1_7' title='bbox 119 224 173 278; x_wconf 61' lang='grc' dir='ltr'>δεῖ</span> <span class='ocrx_word' id='word_1_8' title='bbox 291 219 349 267; x_wconf 92' lang='lat' dir='ltr'>In</span> <span class='ocrx_word' id='word_1_9' title='bbox 383 219 459 273; x_wconf 85' lang='lat' dir='ltr'>his</span> <span class='ocrx_word' id='word_1_10' title='bbox 498 221 718 285; x_wconf 76' lang='lat' dir='ltr'>plerique</span> <span class='ocrx_word' id='word_1_11' title='bbox 765 219 1133 267; x_wconf 85' lang='lat' dir='ltr'>distentioribus</span> <span class='ocrx_word' id='word_1_12' title='bbox 1184 217 1356 282; x_wconf 80' lang='lat' dir='ltr'>saginis</span> <span class='ocrx_word' id='word_1_13' title='bbox 1399 216 1601 279; x_wconf 79' lang='lat' dir='ltr'>addicti,</span> 
     </span>
     <span class='ocr_line' id='line_1_3' title="bbox 196 287 1605 354; baseline -0.001 -20"><span class='ocrx_word' id='word_1_14' title='bbox 196 303 455 354; x_wconf 80' lang='lat' dir='ltr'>praeeunte</span> <span class='ocrx_word' id='word_1_15' title='bbox 478 289 662 336; x_wconf 81' lang='lat' dir='ltr'>nidoris</span> <span class='ocrx_word' id='word_1_16' title='bbox 696 288 922 353; x_wconf 77' lang='lat' dir='ltr'>indagine</span> <span class='ocrx_word' id='word_1_17' title='bbox 955 289 1205 354; x_wconf 81' lang='lat' dir='ltr'>acutisque</span> <span class='ocrx_word' id='word_1_18' title='bbox 1234 287 1437 335; x_wconf 81' lang='lat' dir='ltr'>voc-ibus</span> <span class='ocrx_word' id='word_1_19' title='bbox 1467 287 1605 335; x_wconf 78' lang='lat' dir='ltr'>semi-</span> 
     </span>
     <span class='ocr_line' id='line_1_4' title="bbox 195 352 1603 422; baseline -0.003 -16"><span class='ocrx_word' id='word_1_20' title='bbox 195 377 393 420; x_wconf 80' lang='lat' dir='ltr'>narum,</span> <span class='ocrx_word' id='word_1_21' title='bbox 454 377 479 405; x_wconf 88' lang='lat' dir='ltr'>a</span> <span class='ocrx_word' id='word_1_22' title='bbox 527 358 780 422; x_wconf 82' lang='lat' dir='ltr'>galliciniis</span> <span class='ocrx_word' id='word_1_23' title='bbox 817 357 955 422; x_wconf 80' lang='lat' dir='ltr'>ipsis,</span> <span class='ocrx_word' id='word_1_24' title='bbox 1018 358 1066 404; x_wconf 89' lang='lat' dir='ltr'>in</span> <span class='ocrx_word' id='word_1_25' title='bbox 1109 352 1313 405; x_wconf 72' lang='lat' dir='ltr'>modain</span> <span class='ocrx_word' id='word_1_26' title='bbox 1359 374 1603 421; x_wconf 85' lang='lat' dir='ltr'>pavonum</span> 
     </span>
     <span class='ocr_line' id='line_1_5' title="bbox 196 425 1607 493; baseline -0.003 -19"><span class='ocrx_word' id='word_1_27' title='bbox 196 427 260 493; x_wconf 70' lang='lat'>⁴²)</span> <span class='ocrx_word' id='word_1_28' title='bbox 283 427 557 476; x_wconf 77' lang='lat' dir='ltr'>immaniter</span> <span class='ocrx_word' id='word_1_29' title='bbox 579 427 932 491; x_wconf 79' lang='lat' dir='ltr'>clangentium,</span> <span class='ocrx_word' id='word_1_30' title='bbox 961 426 1169 474; x_wconf 84' lang='lat' dir='ltr'>humum</span> <span class='ocrx_word' id='word_1_31' title='bbox 1200 425 1393 473; x_wconf 80' lang='lat' dir='ltr'>summis</span> <span class='ocrx_word' id='word_1_32' title='bbox 1422 425 1607 489; x_wconf 87' lang='lat' dir='ltr'>pedum</span> 
     </span>
     <span class='ocr_line' id='line_1_6' title="bbox 199 494 1609 559; baseline -0.002 -15"><span class='ocrx_word' id='word_1_33' title='bbox 199 497 444 558; x_wconf 65' lang='lat' dir='ltr'>unguibus</span> <span class='ocrx_word' id='word_1_34' title='bbox 470 497 805 559; x_wconf 79' lang='lat' dir='ltr'>contingentes</span> <span class='ocrx_word' id='word_1_35' title='bbox 829 496 949 543; x_wconf 85' lang='lat' dir='ltr'>aulis</span> <span class='ocrx_word' id='word_1_36' title='bbox 979 496 1231 558; x_wconf 80' lang='lat' dir='ltr'>adlistunt,</span> <span class='ocrx_word' id='word_1_37' title='bbox 1269 494 1448 559; x_wconf 78' lang='lat' dir='ltr'>digitos</span> <span class='ocrx_word' id='word_1_38' title='bbox 1475 511 1609 557; x_wconf 73' lang='lat' dir='ltr'>prae·</span> 
     </span>
     <span class='ocr_line' id='line_1_7' title="bbox 199 562 1612 628; baseline -0.001 -16"><span class='ocrx_word' id='word_1_39' title='bbox 199 566 425 614; x_wconf 62' lang='lat' dir='ltr'>rodentee:</span> <span class='ocrx_word' id='word_1_40' title='bbox 461 563 577 612; x_wconf 83' lang='lat' dir='ltr'>dum</span> <span class='ocrx_word' id='word_1_41' title='bbox 608 565 798 628; x_wconf 84' lang='lat' dir='ltr'>patinae</span> <span class='ocrx_word' id='word_1_42' title='bbox 843 564 1205 616; x_wconf 74' lang='lat' dir='ltr'>defervescunt:</span> <span class='ocrx_word' id='word_1_43' title='bbox 1253 564 1335 611; x_wconf 85' lang='lat' dir='ltr'>alii</span> <span class='ocrx_word' id='word_1_44' title='bbox 1382 562 1612 610; x_wconf 83' lang='lat' dir='ltr'>nauseam</span> 
     </span>
     <span class='ocr_line' id='line_1_8' title="bbox 201 632 1612 700; baseline 0 -20"><span class='ocrx_word' id='word_1_45' title='bbox 201 633 430 685; x_wconf 60' lang='lat' dir='ltr'>horridae</span> <span class='ocrx_word' id='word_1_46' title='bbox 453 634 636 695; x_wconf 87' lang='lat' dir='ltr'>carnis,</span> <span class='ocrx_word' id='word_1_47' title='bbox 670 632 787 680; x_wconf 80' lang='lat' dir='ltr'>duni</span> <span class='ocrx_word' id='word_1_48' title='bbox 819 634 1130 700; x_wconf 79' lang='lat' dir='ltr'>excoquitur,</span> <span class='ocrx_word' id='word_1_49' title='bbox 1175 633 1408 683; x_wconf 85' lang='lat' dir='ltr'>intentius</span> <span class='ocrx_word' id='word_1_50' title='bbox 1446 633 1612 698; x_wconf 80' lang='lat' dir='ltr'>despe-</span> 
     </span>
     <span class='ocr_line' id='line_1_9' title="bbox 200 701 1612 767; baseline 0 -19"><span class='ocrx_word' id='word_1_51' title='bbox 200 716 409 763; x_wconf 80' lang='lat' dir='ltr'>ctantes,</span> <span class='ocrx_word' id='word_1_52' title='bbox 459 716 514 754; x_wconf 85' lang='lat' dir='ltr'>ut</span> <span class='ocrx_word' id='word_1_53' title='bbox 552 702 846 750; x_wconf 66' lang='lat' dir='ltr'>discissarum</span> <span class='ocrx_word' id='word_1_54' title='bbox 878 702 1123 767; x_wconf 84' lang='lat' dir='ltr'>pecudum</span> <span class='ocrx_word' id='word_1_55' title='bbox 1157 716 1263 750; x_wconf 77' lang='lat' dir='ltr'>exta</span> <span class='ocrx_word' id='word_1_56' title='bbox 1303 701 1465 750; x_wconf 87' lang='lat' dir='ltr'>rimari</span> <span class='ocrx_word' id='word_1_57' title='bbox 1497 720 1612 749; x_wconf 87' lang='lat' dir='ltr'>cum</span> 
     </span>
     <span class='ocr_line' id='line_1_10' title="bbox 203 771 1611 836; baseline -0.001 -18"><span class='ocrx_word' id='word_1_58' title='bbox 203 772 488 821; x_wconf 78' lang='lat' dir='ltr'>anatomicis</span> <span class='ocrx_word' id='word_1_59' title='bbox 516 772 855 819; x_wconf 82' lang='lat' dir='ltr'>Democritum</span> <span class='ocrx_word' id='word_1_60' title='bbox 888 786 1055 836; x_wconf 82' lang='lat' dir='ltr'>puteS,</span> <span class='ocrx_word' id='word_1_61' title='bbox 1103 771 1389 832; x_wconf 80' lang='lat' dir='ltr'>docentem,</span> <span class='ocrx_word' id='word_1_62' title='bbox 1431 771 1611 836; x_wconf 86' lang='lat' dir='ltr'>quibus</span> 
     </span>
     <span class='ocr_line' id='line_1_11' title="bbox 203 839 1610 905; baseline 0.001 -20"><span class='ocrx_word' id='word_1_63' title='bbox 203 839 362 891; x_wconf 74' lang='lat' dir='ltr'>modis</span> <span class='ocrx_word' id='word_1_64' title='bbox 396 840 646 904; x_wconf 84' lang='lat' dir='ltr'>posteritas</span> <span class='ocrx_word' id='word_1_65' title='bbox 691 839 879 888; x_wconf 82' lang='lat' dir='ltr'>mederi</span> <span class='ocrx_word' id='word_1_66' title='bbox 925 839 1180 890; x_wconf 89' lang='lat' dir='ltr'>doloribus</span> <span class='ocrx_word' id='word_1_67' title='bbox 1219 839 1359 905; x_wconf 85' lang='lat' dir='ltr'>poffit</span> <span class='ocrx_word' id='word_1_68' title='bbox 1392 839 1610 887; x_wconf 71' lang='lat' dir='ltr'>internis,</span> 
     </span>
    </p>

    <p class='ocr_par' dir='ltr' id='par_1_3' title="bbox 122 899 1618 1112">
     <span class='ocr_line' id='line_1_12' title="bbox 122 899 1614 973; baseline 0.001 -19"><span class='ocrx_word' id='word_1_69' title='bbox 122 899 182 947; x_wconf 77' lang='lat'>55</span> <span class='ocrx_word' id='word_1_70' title='bbox 206 910 281 960; x_wconf 82' lang='lat' dir='ltr'>Sit</span> <span class='ocrx_word' id='word_1_71' title='bbox 302 908 411 960; x_wconf 81' lang='lat' dir='ltr'>satis</span> <span class='ocrx_word' id='word_1_72' title='bbox 433 909 628 955; x_wconf 84' lang='lat' dir='ltr'>interim</span> <span class='ocrx_word' id='word_1_73' title='bbox 650 908 769 959; x_wconf 80' lang='lat' dir='ltr'>haec</span> <span class='ocrx_word' id='word_1_74' title='bbox 793 908 1024 972; x_wconf 72' lang='lat' dir='ltr'>digeffiss&#39;e</span> <span class='ocrx_word' id='word_1_75' title='bbox 1048 908 1191 973; x_wconf 83' lang='lat' dir='ltr'>super</span> <span class='ocrx_word' id='word_1_76' title='bbox 1212 909 1356 956; x_wconf 89' lang='lat' dir='ltr'>rebus</span> <span class='ocrx_word' id='word_1_77' title='bbox 1387 908 1584 955; x_wconf 84' lang='lat' dir='ltr'>urbanis</span> <span class='ocrx_word' id='word_1_78' title='bbox 1603 926 1614 956; x_wconf 85' lang='lat'>:</span> 
     </span>
     <span class='ocr_line' id='line_1_13' title="bbox 207 976 1618 1045; baseline 0.001 -22"><span class='ocrx_word' id='word_1_79' title='bbox 207 995 336 1023; x_wconf 87' lang='lat' dir='ltr'>nunc</span> <span class='ocrx_word' id='word_1_80' title='bbox 359 977 612 1024; x_wconf 81' lang='lat' dir='ltr'>redeamus</span> <span class='ocrx_word' id='word_1_81' title='bbox 634 977 695 1023; x_wconf 86' lang='lat' dir='ltr'>ad</span> <span class='ocrx_word' id='word_1_82' title='bbox 715 990 926 1039; x_wconf 81' lang='lat' dir='ltr'>caetera,</span> <span class='ocrx_word' id='word_1_83' title='bbox 968 995 1091 1044; x_wconf 84' lang='lat' dir='ltr'>quae</span> <span class='ocrx_word' id='word_1_84' title='bbox 1112 995 1199 1045; x_wconf 84' lang='lat' dir='ltr'>per</span> <span class='ocrx_word' id='word_1_85' title='bbox 1225 977 1500 1043; x_wconf 78' lang='lat' dir='ltr'>provincias</span> <span class='ocrx_word' id='word_1_86' title='bbox 1521 976 1618 1042; x_wconf 86' lang='lat' dir='ltr'>agi-</span> 
     </span>
     <span class='ocr_line' id='line_1_14' title="bbox 210 1044 863 1112; baseline 0.005 -20"><span class='ocrx_word' id='word_1_87' title='bbox 210 1060 371 1099; x_wconf 57' lang='lat' dir='ltr'>tavere</span> <span class='ocrx_word' id='word_1_88' title='bbox 393 1044 689 1112; x_wconf 77' lang='lat' dir='ltr'>multiplices</span> <span class='ocrx_word' id='word_1_89' title='bbox 712 1044 863 1096; x_wconf 76' lang='lat' dir='ltr'>casus.</span> 
     </span>
    </p>
   </div>
   <div class='ocr_carea' id='block_1_3' title="bbox 725 1158 1099 1226">
    <p class='ocr_par' dir='ltr' id='par_1_4' title="bbox 725 1158 1099 1226">
     <span class='ocr_line' id='line_1_15' title="bbox 725 1158 1099 1226; baseline -0.003 -19"><span class='ocrx_word' id='word_1_90' title='bbox 725 1158 825 1223; x_wconf 79' lang='lat' dir='ltr'>(A.</span> <span class='ocrx_word' id='word_1_91' title='bbox 866 1158 919 1208; x_wconf 89' lang='lat' dir='ltr'>C.</span> <span class='ocrx_word' id='word_1_92' title='bbox 958 1160 1099 1226; x_wconf 82' lang='lat'>370.)</span> 
     </span>
    </p>
   </div>
   <div class='ocr_carea' id='block_1_4' title="bbox 167 1247 1638 2621">
    <p class='ocr_par' dir='ltr' id='par_1_5' title="bbox 169 1247 1625 1658">
     <span class='ocr_line' id='line_1_16' title="bbox 169 1247 1625 1314; baseline -0.003 -16"><span class='ocrx_word' id='word_1_93' title='bbox 169 1267 189 1298; x_wconf 72' lang='grc' dir='ltr'><em>ι</em></span> <span class='ocrx_word' id='word_1_94' title='bbox 308 1247 370 1295; x_wconf 81' lang='lat' dir='ltr'>V.</span> <span class='ocrx_word' id='word_1_95' title='bbox 406 1247 582 1314; x_wconf 77' lang='lat' dir='ltr'>Erupit</span> <span class='ocrx_word' id='word_1_96' title='bbox 603 1247 831 1312; x_wconf 81' lang='lat' dir='ltr'>Augustis</span> <span class='ocrx_word' id='word_1_97' title='bbox 862 1264 934 1299; x_wconf 88' lang='lat' dir='ltr'>ter</span> <span class='ocrx_word' id='word_1_98' title='bbox 963 1249 1089 1299; x_wconf 76' lang='lat' dir='ltr'>Coss&#39;.</span> <span class='ocrx_word' id='word_1_99' title='bbox 1122 1249 1372 1298; x_wconf 83' lang='lat' dir='ltr'>Saxonum</span> <span class='ocrx_word' id='word_1_100' title='bbox 1405 1247 1625 1295; x_wconf 53' lang='lat' dir='ltr'>munima</span> 
     </span>
     <span class='ocr_line' id='line_1_17' title="bbox 211 1315 1621 1384; baseline -0.005 -15"><span class='ocrx_word' id='word_1_101' title='bbox 211 1315 304 1362; x_wconf 71' lang='lat' dir='ltr'>do:</span> <span class='ocrx_word' id='word_1_102' title='bbox 339 1331 386 1369; x_wconf 76' lang='lat' dir='ltr'>et</span> <span class='ocrx_word' id='word_1_103' title='bbox 406 1317 590 1366; x_wconf 83' lang='lat' dir='ltr'>Oceani</span> <span class='ocrx_word' id='word_1_104' title='bbox 621 1318 989 1368; x_wconf 86' lang='lat' dir='ltr'>difficultatibus</span> <span class='ocrx_word' id='word_1_105' title='bbox 1019 1321 1302 1384; x_wconf 81' lang='lat' dir='ltr'>permeatis,</span> <span class='ocrx_word' id='word_1_106' title='bbox 1344 1317 1621 1365; x_wconf 85' lang='lat' dir='ltr'>Romanum</span> 
     </span>
     <span class='ocr_line' id='line_1_18' title="bbox 207 1385 1621 1452; baseline 0.007 -22"><span class='ocrx_word' id='word_1_107' title='bbox 207 1385 417 1433; x_wconf 80' lang='lat' dir='ltr'>limitem</span> <span class='ocrx_word' id='word_1_108' title='bbox 458 1388 610 1452; x_wconf 78' lang='lat' dir='ltr'>gradu</span> <span class='ocrx_word' id='word_1_109' title='bbox 654 1389 851 1452; x_wconf 83' lang='lat' dir='ltr'>petebat</span> <span class='ocrx_word' id='word_1_110' title='bbox 888 1388 1103 1450; x_wconf 82' lang='lat' dir='ltr'>intento,</span> <span class='ocrx_word' id='word_1_111' title='bbox 1164 1387 1306 1451; x_wconf 83' lang='lat' dir='ltr'>saepe</span> <span class='ocrx_word' id='word_1_112' title='bbox 1345 1386 1621 1439; x_wconf 71' lang='lat' dir='ltr'>nostrorum</span> 
     </span>
     <span class='ocr_line' id='line_1_19' title="bbox 207 1454 1622 1522; baseline -0.001 -20"><span class='ocrx_word' id='word_1_113' title='bbox 207 1454 462 1503; x_wconf 78' lang='lat' dir='ltr'>funeribus</span> <span class='ocrx_word' id='word_1_114' title='bbox 488 1457 644 1521; x_wconf 78' lang='lat' dir='ltr'>pasta:</span> <span class='ocrx_word' id='word_1_115' title='bbox 679 1457 817 1505; x_wconf 89' lang='lat' dir='ltr'>cuius</span> <span class='ocrx_word' id='word_1_116' title='bbox 842 1458 1113 1522; x_wconf 82' lang='lat' dir='ltr'>eruptionis</span> <span class='ocrx_word' id='word_1_117' title='bbox 1137 1458 1324 1521; x_wconf 81' lang='lat' dir='ltr'>primae</span> <span class='ocrx_word' id='word_1_118' title='bbox 1354 1456 1622 1520; x_wconf 79' lang='lat' dir='ltr'>procellam</span> 
     </span>
     <span class='ocr_line' id='line_1_20' title="bbox 210 1521 1625 1591; baseline -0.004 -18"><span class='ocrx_word' id='word_1_119' title='bbox 210 1521 478 1573; x_wconf 75' lang='lat' dir='ltr'>Nannenus</span> <span class='ocrx_word' id='word_1_120' title='bbox 512 1526 739 1573; x_wconf 77' lang='lat' dir='ltr'>sustinuit</span> <span class='ocrx_word' id='word_1_121' title='bbox 777 1528 980 1588; x_wconf 80' lang='lat' dir='ltr'>Comes,</span> <span class='ocrx_word' id='word_1_122' title='bbox 1026 1526 1310 1591; x_wconf 83' lang='lat' dir='ltr'>regionibus</span> <span class='ocrx_word' id='word_1_123' title='bbox 1338 1524 1514 1572; x_wconf 86' lang='lat' dir='ltr'>iisdem</span> <span class='ocrx_word' id='word_1_124' title='bbox 1543 1522 1625 1570; x_wconf 86' lang='lat' dir='ltr'>ad-</span> 
     </span>
     <span class='ocr_line' id='line_1_21' title="bbox 211 1592 1623 1658; baseline 0.001 -23"><span class='ocrx_word' id='word_1_125' title='bbox 211 1592 420 1654; x_wconf 80' lang='lat' dir='ltr'>politus‚</span> <span class='ocrx_word' id='word_1_126' title='bbox 463 1593 560 1641; x_wconf 84' lang='lat' dir='ltr'>dux</span> <span class='ocrx_word' id='word_1_127' title='bbox 599 1594 833 1643; x_wconf 81' lang='lat' dir='ltr'>diuturno</span> <span class='ocrx_word' id='word_1_128' title='bbox 862 1596 1106 1643; x_wconf 84' lang='lat' dir='ltr'>bellorum</span> <span class='ocrx_word' id='word_1_129' title='bbox 1138 1595 1303 1644; x_wconf 85' lang='lat' dir='ltr'>labore</span> <span class='ocrx_word' id='word_1_130' title='bbox 1326 1607 1623 1658; x_wconf 87' lang='lat' dir='ltr'>compertus.</span> 
     </span>
    </p>

    <p class='ocr_par' dir='ltr' id='par_1_6' title="bbox 176 1660 1630 2002">
     <span class='ocr_line' id='line_1_22' title="bbox 176 1660 1628 1728; baseline -0.003 -19"><span class='ocrx_word' id='word_1_131' title='bbox 176 1660 311 1709; x_wconf 63' lang='grc' dir='ltr'>95θά</span> <span class='ocrx_word' id='word_1_132' title='bbox 347 1676 458 1708; x_wconf 85' lang='lat' dir='ltr'>tune</span> <span class='ocrx_word' id='word_1_133' title='bbox 498 1663 561 1713; x_wconf 82' lang='lat' dir='ltr'>ad</span> <span class='ocrx_word' id='word_1_134' title='bbox 605 1678 815 1713; x_wconf 83' lang='lat' dir='ltr'>mortem</span> <span class='ocrx_word' id='word_1_135' title='bbox 857 1664 1115 1712; x_wconf 81' lang='lat' dir='ltr'>destinatae</span> <span class='ocrx_word' id='word_1_136' title='bbox 1160 1664 1293 1728; x_wconf 88' lang='lat' dir='ltr'>plebi</span> <span class='ocrx_word' id='word_1_137' title='bbox 1333 1661 1628 1726; x_wconf 79' lang='lat' dir='ltr'>congreffus,</span> 
     </span>
     <span class='ocr_line' id='line_1_23' title="bbox 213 1730 1630 1797; baseline 0.003 -25"><span class='ocrx_word' id='word_1_138' title='bbox 213 1746 322 1778; x_wconf 75' lang='lat' dir='ltr'>cuni</span> <span class='ocrx_word' id='word_1_139' title='bbox 358 1732 537 1781; x_wconf 88' lang='lat' dir='ltr'>milites</span> <span class='ocrx_word' id='word_1_140' title='bbox 569 1732 810 1797; x_wconf 83' lang='lat' dir='ltr'>quosdam</span> <span class='ocrx_word' id='word_1_141' title='bbox 842 1733 1009 1794; x_wconf 80' lang='lat' dir='ltr'>ruiffe,</span> <span class='ocrx_word' id='word_1_142' title='bbox 1051 1747 1098 1781; x_wconf 86' lang='lat' dir='ltr'>et</span> <span class='ocrx_word' id='word_1_143' title='bbox 1124 1732 1172 1779; x_wconf 86' lang='lat' dir='ltr'>se</span> <span class='ocrx_word' id='word_1_144' title='bbox 1207 1733 1514 1780; x_wconf 85' lang='lat' dir='ltr'>vulneratum</span> <span class='ocrx_word' id='word_1_145' title='bbox 1542 1730 1630 1776; x_wconf 79' lang='lat' dir='ltr'>im·-</span> 
     </span>
     <span class='ocr_line' id='line_1_24' title="bbox 217 1798 1628 1867; baseline -0.001 -20"><span class='ocrx_word' id='word_1_146' title='bbox 217 1813 383 1867; x_wconf 69' lang='lat' dir='ltr'>pm‘eui</span> <span class='ocrx_word' id='word_1_147' title='bbox 404 1800 509 1847; x_wconf 84' lang='lat' dir='ltr'>fore</span> <span class='ocrx_word' id='word_1_148' title='bbox 540 1803 887 1864; x_wconf 81' lang='lat' dir='ltr'>certaminibus</span> <span class='ocrx_word' id='word_1_149' title='bbox 923 1802 1198 1851; x_wconf 84' lang='lat' dir='ltr'>adverteret</span> <span class='ocrx_word' id='word_1_150' title='bbox 1227 1801 1438 1860; x_wconf 80' lang='lat' dir='ltr'>c.rebriS‚</span> <span class='ocrx_word' id='word_1_151' title='bbox 1477 1798 1628 1847; x_wconf 87' lang='lat' dir='ltr'>docto</span> 
     </span>
     <span class='ocr_line' id='line_1_25' title="bbox 218 1865 1629 1934; baseline 0 -19"><span class='ocrx_word' id='word_1_152' title='bbox 218 1865 546 1928; x_wconf 69' lang='lat' dir='ltr'>Imperatore,</span> <span class='ocrx_word' id='word_1_153' title='bbox 586 1869 707 1932; x_wconf 86' lang='lat' dir='ltr'>quid</span> <span class='ocrx_word' id='word_1_154' title='bbox 733 1872 809 1934; x_wconf 77' lang='lat' dir='ltr'>agi</span> <span class='ocrx_word' id='word_1_155' title='bbox 845 1870 1074 1932; x_wconf 85' lang='lat' dir='ltr'>deberet,</span> <span class='ocrx_word' id='word_1_156' title='bbox 1124 1869 1177 1917; x_wconf 89' lang='lat' dir='ltr'>id</span> <span class='ocrx_word' id='word_1_157' title='bbox 1210 1870 1275 1917; x_wconf 84' lang='lat' dir='ltr'>est</span> <span class='ocrx_word' id='word_1_158' title='bbox 1305 1870 1541 1933; x_wconf 80' lang='lat' dir='ltr'>adeptus,</span> <span class='ocrx_word' id='word_1_159' title='bbox 1573 1880 1629 1915; x_wconf 83' lang='lat' dir='ltr'>ut</span> 
     </span>
     <span class='ocr_line' id='line_1_26' title="bbox 214 1932 1630 2002; baseline 0 -22"><span class='ocrx_word' id='word_1_160' title='bbox 214 1932 440 2000; x_wconf 76' lang='lat' dir='ltr'>peditum</span> <span class='ocrx_word' id='word_1_161' title='bbox 466 1938 689 1998; x_wconf 78' lang='lat' dir='ltr'>magister</span> <span class='ocrx_word' id='word_1_162' title='bbox 722 1938 930 1985; x_wconf 89' lang='lat' dir='ltr'>Severus</span> <span class='ocrx_word' id='word_1_163' title='bbox 964 1940 1257 2002; x_wconf 85' lang='lat' dir='ltr'>opitulatum</span> <span class='ocrx_word' id='word_1_164' title='bbox 1290 1939 1434 1985; x_wconf 87' lang='lat' dir='ltr'>rebus</span> <span class='ocrx_word' id='word_1_165' title='bbox 1466 1935 1630 1986; x_wconf 85' lang='lat' dir='ltr'>dubiis</span> 
     </span>
    </p>

    <p class='ocr_par' dir='ltr' id='par_1_7' title="bbox 172 2000 1634 2345">
     <span class='ocr_line' id='line_1_27' title="bbox 172 2000 1631 2060; baseline 0.001 -10"><span class='ocrx_word' id='word_1_166' title='bbox 172 2000 485 2052; x_wconf 64' lang='lat' dir='ltr'>Sadveniret.</span> <span class='ocrx_word' id='word_1_167' title='bbox 585 2005 686 2060; x_wconf 82' lang='lat' dir='ltr'>Qui</span> <span class='ocrx_word' id='word_1_168' title='bbox 729 2004 910 2053; x_wconf 87' lang='lat' dir='ltr'>ducens</span> <span class='ocrx_word' id='word_1_169' title='bbox 953 2007 1159 2052; x_wconf 86' lang='lat' dir='ltr'>militem</span> <span class='ocrx_word' id='word_1_170' title='bbox 1203 2005 1272 2051; x_wconf 87' lang='lat' dir='ltr'>rei</span> <span class='ocrx_word' id='word_1_171' title='bbox 1309 2004 1631 2052; x_wconf 78' lang='lat' dir='ltr'>sufficientem</span> 
     </span>
     <span class='ocr_line' id='line_1_28' title="bbox 219 2072 1633 2137; baseline 0.004 -21"><span class='ocrx_word' id='word_1_172' title='bbox 219 2088 334 2119; x_wconf 87' lang='lat' dir='ltr'>cum</span> <span class='ocrx_word' id='word_1_173' title='bbox 382 2072 581 2121; x_wconf 84' lang='lat' dir='ltr'>veniffet</span> <span class='ocrx_word' id='word_1_174' title='bbox 620 2072 681 2119; x_wconf 86' lang='lat' dir='ltr'>ad</span> <span class='ocrx_word' id='word_1_175' title='bbox 723 2074 857 2134; x_wconf 87' lang='lat' dir='ltr'>loca,</span> <span class='ocrx_word' id='word_1_176' title='bbox 917 2072 1261 2121; x_wconf 83' lang='lat' dir='ltr'>discriminatis</span> <span class='ocrx_word' id='word_1_177' title='bbox 1303 2075 1336 2137; x_wconf 85' lang='lat'>¹)</span> <span class='ocrx_word' id='word_1_178' title='bbox 1375 2073 1633 2122; x_wconf 78' lang='lat' dir='ltr'>ordinibus</span> 
     </span>
     <span class='ocr_line' id='line_1_29' title="bbox 220 2140 1634 2193; baseline 0 -8"><span class='ocrx_word' id='word_1_179' title='bbox 220 2140 456 2190; x_wconf 78' lang='lat' dir='ltr'>barbaros</span> <span class='ocrx_word' id='word_1_180' title='bbox 478 2155 587 2189; x_wconf 84' lang='lat' dir='ltr'>ante</span> <span class='ocrx_word' id='word_1_181' title='bbox 607 2142 1004 2190; x_wconf 82' lang='lat' dir='ltr'>colluctationem</span> <span class='ocrx_word' id='word_1_182' title='bbox 1034 2141 1156 2193; x_wconf 85' lang='lat' dir='ltr'>adeo</span> <span class='ocrx_word' id='word_1_183' title='bbox 1188 2142 1361 2189; x_wconf 85' lang='lat' dir='ltr'>terruit</span> <span class='ocrx_word' id='word_1_184' title='bbox 1395 2155 1443 2189; x_wconf 86' lang='lat' dir='ltr'>et</span> <span class='ocrx_word' id='word_1_185' title='bbox 1472 2143 1634 2188; x_wconf 75' lang='lat' dir='ltr'>turba-</span> 
     </span>
     <span class='ocr_line' id='line_1_30' title="bbox 219 2208 1632 2274; baseline 0.004 -20"><span class='ocrx_word' id='word_1_186' title='bbox 219 2208 316 2265; x_wconf 74' lang='lat' dir='ltr'>vit,</span> <span class='ocrx_word' id='word_1_187' title='bbox 360 2223 415 2258; x_wconf 79' lang='lat' dir='ltr'>ut</span> <span class='ocrx_word' id='word_1_188' title='bbox 448 2228 537 2260; x_wconf 85' lang='lat' dir='ltr'>nec</span> <span class='ocrx_word' id='word_1_189' title='bbox 578 2209 906 2258; x_wconf 80' lang='lat' dir='ltr'>controversas</span> <span class='ocrx_word' id='word_1_190' title='bbox 948 2224 1255 2274; x_wconf 85' lang='lat' dir='ltr'>opponerent</span> <span class='ocrx_word' id='word_1_191' title='bbox 1295 2228 1489 2271; x_wconf 84' lang='lat' dir='ltr'>manus,</span> <span class='ocrx_word' id='word_1_192' title='bbox 1545 2209 1632 2260; x_wconf 79' lang='lat' dir='ltr'>sed</span> 
     </span>
     <span class='ocr_line' id='line_1_31' title="bbox 220 2275 1634 2345; baseline 0.004 -23"><span class='ocrx_word' id='word_1_193' title='bbox 220 2275 462 2340; x_wconf 70' lang='lat' dir='ltr'>lignorum</span> <span class='ocrx_word' id='word_1_194' title='bbox 489 2279 859 2345; x_wconf 84' lang='lat' dir='ltr'>aquilarumque</span> <span class='ocrx_word' id='word_1_195' title='bbox 887 2279 1073 2343; x_wconf 81' lang='lat' dir='ltr'>fulgore</span> <span class='ocrx_word' id='word_1_196' title='bbox 1099 2279 1363 2344; x_wconf 77' lang='lat' dir='ltr'>praestricti</span> <span class='ocrx_word' id='word_1_197' title='bbox 1392 2279 1634 2333; x_wconf 69' lang='lat' dir='ltr'>venialem</span> 
     </span>
    </p>

    <p class='ocr_par' dir='ltr' id='par_1_8' title="bbox 167 2345 1638 2621">
     <span class='ocr_line' id='line_1_32' title="bbox 167 2345 1631 2412; baseline 0.003 -23"><span class='ocrx_word' id='word_1_198' title='bbox 167 2350 202 2405; x_wconf 67' lang='grc'>4</span> <span class='ocrx_word' id='word_1_199' title='bbox 226 2345 477 2408; x_wconf 76' lang='lat' dir='ltr'>poscerent</span> <span class='ocrx_word' id='word_1_200' title='bbox 508 2365 691 2411; x_wconf 85' lang='lat' dir='ltr'>pacem.</span> <span class='ocrx_word' id='word_1_201' title='bbox 773 2348 970 2412; x_wconf 82' lang='lat' dir='ltr'>Diuque</span> <span class='ocrx_word' id='word_1_202' title='bbox 1007 2349 1199 2395; x_wconf 84' lang='lat' dir='ltr'>variatis</span> <span class='ocrx_word' id='word_1_203' title='bbox 1230 2347 1465 2406; x_wconf 84' lang='lat' dir='ltr'>conliliis,</span> <span class='ocrx_word' id='word_1_204' title='bbox 1518 2366 1631 2394; x_wconf 88' lang='lat' dir='ltr'>cum</span> 
     </span>
     <span class='ocr_line' id='line_1_33' title="bbox 221 2414 1632 2481; baseline -0.001 -17"><span class='ocrx_word' id='word_1_205' title='bbox 221 2414 273 2464; x_wconf 78' lang='lat' dir='ltr'>id</span> <span class='ocrx_word' id='word_1_206' title='bbox 296 2416 363 2462; x_wconf 85' lang='lat' dir='ltr'>rei</span> <span class='ocrx_word' id='word_1_207' title='bbox 387 2416 611 2479; x_wconf 83' lang='lat' dir='ltr'>publicae</span> <span class='ocrx_word' id='word_1_208' title='bbox 632 2416 906 2465; x_wconf 83' lang='lat' dir='ltr'>conducere</span> <span class='ocrx_word' id='word_1_209' title='bbox 932 2416 1202 2477; x_wconf 85' lang='lat' dir='ltr'>videretur,</span> <span class='ocrx_word' id='word_1_210' title='bbox 1241 2417 1388 2481; x_wconf 85' lang='lat' dir='ltr'>pactis</span> <span class='ocrx_word' id='word_1_211' title='bbox 1413 2415 1632 2475; x_wconf 82' lang='lat' dir='ltr'>indutiis,</span> 
     </span>
     <span class='ocr_line' id='line_1_34' title="bbox 224 2483 1633 2549; baseline 0.001 -20"><span class='ocrx_word' id='word_1_212' title='bbox 224 2498 269 2530; x_wconf 76' lang='lat' dir='ltr'>ct</span> <span class='ocrx_word' id='word_1_213' title='bbox 305 2483 427 2530; x_wconf 83' lang='lat' dir='ltr'>datis</span> <span class='ocrx_word' id='word_1_214' title='bbox 466 2503 521 2532; x_wconf 84' lang='lat' dir='ltr'>cx</span> <span class='ocrx_word' id='word_1_215' title='bbox 562 2484 848 2533; x_wconf 87' lang='lat' dir='ltr'>conditione</span> <span class='ocrx_word' id='word_1_216' title='bbox 887 2485 1129 2549; x_wconf 70' lang='lat' dir='ltr'>proposita</span> <span class='ocrx_word' id='word_1_217' title='bbox 1169 2485 1427 2532; x_wconf 86' lang='lat' dir='ltr'>iuvenibus</span> <span class='ocrx_word' id='word_1_218' title='bbox 1468 2484 1633 2530; x_wconf 84' lang='lat' dir='ltr'>multis</span> 
     </span>
     <span class='ocr_line' id='line_1_35' title="bbox 221 2552 1638 2621; baseline -0.003 -20"><span class='ocrx_word' id='word_1_219' title='bbox 221 2552 470 2601; x_wconf 69' lang='lat' dir='ltr'>habilibus</span> <span class='ocrx_word' id='word_1_220' title='bbox 493 2553 554 2600; x_wconf 87' lang='lat' dir='ltr'>ad</span> <span class='ocrx_word' id='word_1_221' title='bbox 574 2554 797 2603; x_wconf 81' lang='lat' dir='ltr'>militiam</span> <span class='ocrx_word' id='word_1_222' title='bbox 811 2592 823 2616; x_wconf 89' lang='lat'>,</span> <span class='ocrx_word' id='word_1_223' title='bbox 859 2553 1108 2603; x_wconf 85' lang='lat' dir='ltr'>discedere</span> <span class='ocrx_word' id='word_1_224' title='bbox 1131 2553 1340 2621; x_wconf 74' lang='lat' dir='ltr'>perniilli</span> <span class='ocrx_word' id='word_1_225' title='bbox 1359 2552 1468 2600; x_wconf 82' lang='lat' dir='ltr'>sunt</span> <span class='ocrx_word' id='word_1_226' title='bbox 1488 2553 1638 2601; x_wconf 59' lang='lat' dir='ltr'>Saxo-1</span> 
     </span>
    </p>
   </div>
   <div class='ocr_carea' id='block_1_5' title="bbox 342 2667 446 2673">
    <p class='ocr_par' dir='ltr' id='par_1_9' title="bbox 342 2667 446 2673">
     <span class='ocr_line' id='line_1_36' title="bbox 342 2667 446 2673; baseline 0 0"><span class='ocrx_word' id='word_1_227' title='bbox 342 2667 446 2673; x_wconf 95' lang='lat' dir='ltr'> </span> 
     </span>
    </p>
   </div>
   <div class='ocr_carea' id='block_1_6' title="bbox 269 2717 1353 2766">
    <p class='ocr_par' dir='ltr' id='par_1_10' title="bbox 269 2717 1353 2766">
     <span class='ocr_line' id='line_1_37' title="bbox 269 2717 1353 2766; baseline 0.004 -17"><span class='ocrx_word' id='word_1_228' title='bbox 269 2718 328 2761; x_wconf 49' lang='grc' dir='ltr'>(γ’.)</span> <span class='ocrx_word' id='word_1_229' title='bbox 355 2718 423 2755; x_wconf 66' lang='lat' dir='ltr'>Ml„</span> <span class='ocrx_word' id='word_1_230' title='bbox 454 2717 668 2754; x_wconf 73' lang='lat' dir='ltr'>hiennitare.</span> <span class='ocrx_word' id='word_1_231' title='bbox 729 2719 762 2763; x_wconf 89' lang='lat'>1)</span> <span class='ocrx_word' id='word_1_232' title='bbox 790 2717 857 2754; x_wconf 74' lang='grc' dir='ltr'>ΜΓ.</span> <span class='ocrx_word' id='word_1_233' title='bbox 885 2718 1042 2753; x_wconf 77' lang='lat' dir='ltr'>ordinib.</span> <span class='ocrx_word' id='word_1_234' title='bbox 1071 2731 1135 2766; x_wconf 85' lang='lat' dir='ltr'>per</span> <span class='ocrx_word' id='word_1_235' title='bbox 1165 2717 1353 2753; x_wconf 71' lang='lat' dir='ltr'>barbaros.</span> 
     </span>
    </p>
   </div>
  </div>
 </body>
</html>
