1727 3144
1145 82 1156 107 Β

211 156 465 188 VALENT.
505 155 634 187 VAL.
670 154 739 185 ET
792 153 1088 185 GRATIAN.
1163 140 1276 200 571.
1379 142 1475 203 527

68 267 138 315 do
170 265 344 313 habitu
374 267 630 331 figniatam
669 264 903 328 opponit3
968 262 1188 328 adeoque
1230 265 1477 314 Isaflenses

60 336 288 402 ,pondeie
330 330 628 382 catervarum
668 334 946 397 ungentium
986 332 1206 380 inclinati
1246 334 1376 394 sunt,
1424 349 1478 381 ut

68 405 272 470 plurimi
292 404 520 451 caderent.
535 441 548 464 ,
590 417 636 450 et
657 402 757 465 ipse
780 403 970 449 Firmus
991 402 1152 461 fer‚ox
1185 415 1232 448 et
1261 401 1436 465 saepe
1426 422 1477 449 in

69 473 253 522 suam²
256 473 594 539 ⁹)pe1nieiem
633 491 690 536 pi
695 489 890 536 oeceps,
952 488 1079 536 equo
1119 438 1388 518 a’ulm‘euetui
1427 472 1480 517 in

70 544 266 606 fugam,
325 560 407 606 pei
437 540 540 588 saxa
574 555 620 588 et
653 558 797 604 rupes
833 509 1103 587 disemieoe
1135 539 1193 604 ³⁰)
1214 539 1356 586 citius
1399 539 1480 586 ad-

67 611 233 659 lueto:
273 611 476 658 Mazuca
505 628 622 657 vero
652 611 801 656 fiater
838 611 939 657 eius
977 623 1231 672 capeietui
1272 608 1480 655 letalitei

67 680 273 728 saucius.
348 680 449 743 Qui
471 679 751 725 Caesaream
770 678 899 723 mitti
924 677 1206 742 dispositus,
1236 679 1323 724 ubi
1345 677 1482 723 laeva
1499 679 1553 734 42

67 748 296 796 inmiserat
329 760 644 794 monumenta
678 746 952 792 facinorum
987 745 1321 809 peslimomm,
1365 745 1484 792 dila-

70 832 172 865 tato
214 817 426 863 vulneris
474 815 613 860 hiatu
657 811 880 861 disceffit.
965 816 1125 878 Caput
1173 828 1336 860 tamen
1380 814 1482 860 eius

70 882 311 945 avulsum,
359 881 550 930 refiduo
582 899 822 945 corpore,
866 902 980 930 cum
1011 901 1190 947 magno
1223 882 1482 929 visentium

69 953 248 1019 gaudio
274 952 386 999 uibi
415 952 604 998 illatum
633 951 700 999 est
731 950 1022 1000 antedictae.
1107 951 1221 998 Post
1242 951 1362 998 haec
1388 950 1482 998 Isa-
1499 957 1558 1011 45

65 1021 337 1071 flenfiumo
311 1035 530 1083 §mentem
563 1039 686 1084 quae
718 1020 1244 1084 obstitit‚supe1atam
1272 1018 1368 1066 dux
1398 1039 1485 1067 no-

69 1091 185 1139 hilis
211 1089 540 1138 incommodis
561 1089 752 1150 multis,
792 1102 846 1135 ut
866 1091 1082 1154 aequitas
1112 1087 1367 1153 poscebat,
1403 1088 1485 1135 ad-

69 1160 209 1208 flixit.
300 1159 379 1206 Ihi
418 1157 643 1205 Evafium
683 1171 934 1221 potentem
981 1158 1307 1221 municipem,
1373 1158 1484 1205 Flo-

70 1245 279 1293 rumque
305 1227 406 1274 eius
425 1227 603 1287 filium,
637 1240 684 1274 et
704 1227 942 1292 quosdam
968 1228 1237 1289 ilios,pe1
1261 1225 1485 1273 secretio-

72 1317 124 1345 ra
161 1296 358 1344 conl‘ilia
396 1309 738 1344 temeratorem
778 1296 954 1359 quietis
994 1297 1162 1345 iuvill'e
1205 1298 1483 1342 confutatos

74 1380 265 1431 aperte,
296 1366 505 1411 flammis
527 1364 804 1429 absumplit.

170 1433 455 1497 Exindeque
488 1451 691 1497 pergens
723 1434 952 1494 interius,
1006 1434 1253 1482 nationem
1294 1434 1484 1480 Iubale-
1501 1438 1558 1493 44

70 1521 186 1550 nam
209 1502 379 1567 spiritu
402 1502 643 1566 adgress'us
667 1503 875 1566 ingenti,
922 1504 1006 1549 ubi
1039 1517 1205 1550 natum
1237 1503 1484 1550 Nubelem

70 1586 262 1637 patrem
294 1569 533 1619 didicerat
559 1571 735 1632 Firmi,
796 1571 1013 1635 repulsus
1052 1571 1308 1619 altitudine
1346 1590 1484 1618 mon-

71 1642 195 1689 tium
219 1655 266 1688 et
284 1639 503 1688 ssexuolis
526 1640 750 1705 angustiis
771 1640 914 1688 stetit.
984 1641 1044 1688 Et
1067 1641 1333 1718 quamlibet
1351 1642 1483 1687 facto

74 1709 125 1756 in
154 1709 373 1757 hostem
362 1724 575 1773 lmpetu‚
606 1710 925 1773 pluribusque
956 1710 1220 1774 peiemptis
1244 1710 1488 1774 apeiueiit

74 1779 230 1827 viam:
274 1778 544 1826 formidans
581 1792 742 1826 tamen
772 1778 996 1825 sublimia
1028 1779 1231 1826 collium
1272 1778 1334 1825 ad
1378 1776 1488 1823 infi-

74 1847 312 1895 diandum
334 1846 597 1910 aptiffima,
635 1847 815 1895 ducens
839 1848 948 1894 suos
983 1847 1256 1895 incolumes
1287 1847 1488 1894 revertit

74 1916 140 1965 ad
172 1915 420 1964 Audiense
449 1916 720 1963 castellum:
774 1916 861 1963 ubi
898 1915 1200 1964 Iesalenlium
1232 1932 1346 1979 gens
1385 1916 1485 1962 sera

73 1986 225 2034 semet
254 1983 413 2046 dedit,
455 1985 723 2034 voluntaria
756 1985 936 2033 auxilia
965 1984 1202 2050 praestare
1241 1983 1486 2048 spondens

82 2071 130 2104 et
149 2067 464 2110 commeatus.

178 2122 269 2169 His
284 2137 330 2170 et
343 2121 586 2171 eiusmodi
607 2122 823 2201 gloriosis
846 2123 1033 2170 actibus
1060 2120 1294 2169 exsultans
1318 2119 1486 2183 ampli·
1503 2122 1561 2178 45

79 2191 242 2239 ffimus
262 2190 454 2252 ductm,
485 2192 643 2255 ipsum
670 2193 757 2240 otii
776 2194 1076 2240 tulbatoiem
1105 2191 1300 2253 petebat
1321 2189 1486 2236 valido

79 2261 258 2308 viiium
291 2257 423 2307 nisu:
465 2260 678 2324 ideoque
713 2279 770 2326 pl
775 2279 867 2326 ope
899 2261 1255 2308 munimentum
1289 2258 1487 2304 nomine

77 2329 367 2378 Medianum
387 2327 473 2375 diu
493 2329 775 2392 confflens,
809 2347 895 2394 per
917 2330 1089 2376 multas
1124 2325 1486 2391 piudentesque

80 2397 427 2446 sententiarum
445 2397 544 2445 vias
563 2398 789 2447 eumdem
809 2399 898 2445 libi
919 2418 974 2462 pl
967 2397 1063 2444 odi
1091 2395 1221 2459 polse
1247 2393 1484 2460 lperabat·

83 2467 321 2530 Haecque
373 2467 751 2531 cogitationibus
797 2468 950 2514 anxiis
991 2466 1259 2528 altioneque
1303 2482 1390 2527 pio
1396 2461 1488 2527 spi·
1506 2469 1563 2524 46

74 2536 215 2583 ciens
238 2553 377 2594 cura,
414 2537 572 2582 raudus
594 2535 654 2582 ad
675 2536 919 2584 Isaflenles
940 2535 1126 2582 hostem
1148 2533 1388 2596 competit
1420 2549 1489 2578 re-

86 2603 300 2651 vertiffe:
340 2622 464 2668 quos
495 2604 619 2651 nihil
649 2620 889 2667 moratus,
928 2616 1183 2670 utautea,
1219 2601 1491 2666 agminibus

136 2769 195 2814 29)
221 2766 289 2803 ΜΓ.
319 2767 582 2814 pemicionem.
632 2768 693 2815 30)
721 2768 772 2803 al.
805 2766 921 2802 citius.
