1727 3144
543 161 935 195 inmutatus.
1009 148 1126 194 560.
1416 150 1515 211 577

110 269 343 332 excitans,
374 270 602 320 ardenter
623 272 894 321 effunderet
912 271 1065 320 semet
1083 272 1136 319 in
1157 290 1395 336 pugnam,
1425 275 1519 321 cla-

97 339 308 400 xmabam.
329 340 446 389 hinc
472 342 588 390 inde
607 341 881 403 candidati,
917 359 1042 407 quos
1065 341 1320 389 disiecerat
1347 356 1520 401 terror,

106 420 163 453 ut
183 407 476 472 fugientium
496 412 706 474 molem,
737 419 986 476 tamquam
1021 411 1211 457 ruinam
1242 410 1368 456 male
1388 429 1520 457 com-

105 475 251 539 pofiti
280 479 507 527 culminis
538 481 575 546 ³)
606 479 897 530 declinaret:
947 494 995 528 et
1035 480 1320 543 [incertum]
1361 477 1520 526 subita

111 545 345 609 equestris
373 548 523 610 hasta,
558 564 668 597 cute
689 549 881 597 brach-ii
902 549 1004 597 eius
1037 548 1341 613 praestricta,
1377 548 1519 594 costis

105 615 325 678 persollis
358 617 512 665 haefit
544 618 596 664 in
634 619 732 665 ima
763 618 940 665 iecoris
973 618 1115 665 fibra.
1194 617 1358 673 Quam
1402 615 1564 677 dum7

106 683 314 732 avellere
366 685 562 733 dextera
602 705 752 733 mann
797 700 1030 744 conatur,
1087 699 1230 733 acuto
1271 684 1522 749 utrimque

103 750 237 799 ferro
262 752 528 817 digitorum
549 771 725 800 nervos
745 753 888 801 senfit
910 753 1092 801 excisos
1113 773 1122 800 :
1160 768 1208 802 et
1228 755 1518 818 provolutus

105 819 353 882 iumento,
391 820 819 886 praesentiumque
862 822 1023 870 veloci
1061 821 1303 870 concursu
1341 823 1520 870 relatus

104 887 156 934 in
185 889 360 951 castra,
404 891 679 939 medicinae
707 892 984 939 ministeriis
1015 891 1292 939 fovebatur.
1382 892 1566 946 Mox-8

106 975 203 1022 que
223 959 312 1005 uhi
331 959 486 1007 lenito
510 959 774 1025 paullisper
801 960 974 1008 dolore-
1004 960 1175 1008 timere
1213 959 1375 1022 desiit,
1422 979 1524 1008 ma-

106 1044 204 1090 gno
226 1027 404 1092 spiritu
433 1044 603 1077 contra
633 1030 837 1078 exitium
868 1043 1082 1090 certans,
1125 1048 1254 1077 arma
1287 1028 1521 1094 poscebat

104 1109 154 1142 et
173 1115 356 1162 equum
378 1117 388 1146 z
428 1113 484 1146 ut
502 1098 659 1147 reviso
687 1099 877 1163 proelio
902 1097 1100 1145 suorum
1126 1097 1360 1145 fiduciam
1381 1116 1518 1161 repa-

103 1180 259 1224 raret,
304 1186 360 1215 ac
381 1168 630 1216 videretur
652 1166 726 1215 sui
751 1167 947 1215 securus
978 1168 1162 1215 alienae
1194 1165 1357 1213 salutis
1389 1165 1520 1213 solli-

105 1235 326 1283 citudine
356 1237 672 1286 vehementer
703 1236 959 1301 adstringi:
1000 1254 1058 1284 eo
1092 1237 1283 1300 vigore,
1322 1236 1437 1282 licet
1466 1236 1519 1281 in

103 1305 306 1367 negotio
342 1306 550 1370 dispari,
596 1325 696 1372 quo
724 1305 1089 1372 Epaminondas
1118 1306 1200 1352 ille
1240 1303 1338 1352 dux
1368 1303 1518 1368 incly-

106 1386 211 1430 tus,
251 1375 459 1422 letaliter
489 1376 623 1440 apud
652 1376 955 1424 Mantineam
993 1373 1178 1420 saucius
1209 1387 1257 1420 et
1290 1387 1515 1420 revectus

106 1459 164 1488 ex
182 1444 284 1490 acie
302 1480 314 1504 ,
347 1446 667 1508 conquirebat
701 1444 906 1493 sollicite
935 1444 1139 1490 scutum.
1223 1441 1376 1499 Quod
1403 1460 1518 1488 cum

104 1510 295 1559 vidiffet
315 1513 545 1577 propius,
580 1514 753 1561 laetior
785 1513 834 1561 vi
861 1511 1074 1559 vulneris
1103 1511 1314 1558 interiit:
1352 1525 1399 1558 et
1432 1510 1519 1575 qui

104 1581 318 1628 animam
340 1581 614 1646 intrepidus
639 1582 917 1641 amittebat,
957 1580 1191 1626 iacturam
1228 1579 1386 1644 clypei
1418 1579 1519 1626 for-

104 1648 327 1698 midavit.
400 1650 505 1698 Sed
538 1669 653 1698 cum
682 1651 808 1698 vires
839 1666 1011 1715 parum
1042 1646 1317 1695 sufficerent
1346 1648 1563 1700 volun-9

104 1719 219 1779 tati,
259 1717 598 1784 sanguinisque
626 1719 873 1784 profluvio
903 1730 1181 1777 vexaretur,
1226 1715 1398 1766 manfit
1427 1716 1518 1764 im-

103 1788 330 1835 mobilis:
361 1787 476 1836 ideo
496 1788 579 1853 spe
598 1787 831 1854 deinceps
852 1785 1050 1835 vivendi
1070 1784 1348 1849 absumpta,
1380 1785 1520 1850 quod

102 1856 474 1920 percunctando
494 1857 753 1924 Phrygiam
777 1856 1013 1921 adpellari
1040 1855 1234 1914 locum,
1274 1854 1364 1900 ubi
1394 1854 1520 1901 ceci-

107 1925 272 1988 derat,
307 1929 565 1991 comperit.
638 1927 736 1974 Hic
767 1926 897 1973 enim
929 1925 1181 1972 obiturum
1210 1921 1259 1971 se
1292 1922 1522 1988 praescri-

101 2009 186 2060 pta
221 1995 442 2043 audierat
471 1993 615 2043 sorte.
695 1996 920 2045 Reducto
954 1992 1016 2040 ad
1038 1992 1246 2040 tentoria
1269 1991 1515 2055 Principe,
1539 2007 1593 2038 xo

106 2063 399 2112 incredibile
421 2063 558 2113 dictu
581 2064 672 2125 est,
714 2078 898 2129 quanto
920 2063 1093 2111 ardore
1117 2062 1255 2109 miles
1279 2061 1340 2107 ad
1362 2060 1516 2107 viudi-

106 2146 237 2179 ctam
268 2134 339 2179 ira
372 2146 419 2180 et
450 2131 622 2181 dolore
649 2133 917 2181 ferventior
953 2131 1225 2189 involabat,
1271 2128 1426 2175 hastas
1453 2126 1517 2173 ad

105 2200 240 2248 scuta
261 2219 592 2266 concrepans,
632 2204 778 2250 etiam
807 2201 960 2262 mori,
997 2199 1034 2247 fi
1063 2197 1239 2246 tuliffct
1267 2197 1391 2256 fors,
1430 2196 1517 2242 ob-

107 2270 322 2317 stinatus.
402 2270 464 2317 Et
496 2272 716 2335 quamvis
746 2270 1090 2318 offundebatur
1120 2265 1275 2315 oculis
1306 2263 1515 2310 altitudo

105 2340 338 2403 pulveris,
372 2353 419 2386 et
437 2338 588 2386 aestus
612 2338 851 2388 calescens
872 2341 1088 2388 officeret
1112 2332 1346 2383 alacritati
1366 2350 1517 2380 mem-

108 2410 342 2469 brorum,
376 2422 538 2455 tamen
564 2408 698 2455 velut
723 2421 1063 2456 exauctoratus
1095 2401 1257 2450 amiss‘o
1293 2400 1518 2460 ductore,

107 2477 206 2524 line
228 2477 532 2541 parcimonia
565 2477 736 2524 ruebat
762 2477 812 2523 in
843 2478 1041 2525 ferrum.
1123 2473 1304 2518 Contra
1336 2468 1518 2516 animo·
1543 2484 1587 2511 11

108 2545 202 2592 Iius
238 2545 407 2593 Persae
437 2544 715 2609 sagittarum
746 2546 1012 2594 volantium
1038 2540 1297 2589 crebritate
1317 2536 1517 2602 conspe-

110 2629 245 2660 ctum
272 2617 314 2678 ·⁴)
334 2614 406 2661 sui
437 2615 694 2678 rapiebant
721 2615 758 2680 ⁵)
788 2613 1051 2679 oppolitis:
1106 2626 1228 2673 quos
1271 2606 1518 2671 elephanti

162 2733 197 2771 ὅ)
232 2727 299 2762 Ms.
338 2727 546 2764 declararet.
608 2728 654 2775 4)
690 2725 758 2761 Ms.
794 2723 888 2759 solis.
949 2723 989 2767 5)
1023 2718 1091 2756 ΜΓ,
1122 2716 1295 2769 oppofitis
1334 2727 1423 2766 quos
1452 2714 1519 2753 ele-

117 2775 272 2822 pil-mu&
